3017 4700
625 409 652 454 Ρ.
673 408 805 454 VIRGILll
826 407 968 452 MARONIS

647 647 843 712 ECLOGA
873 648 935 708 IX.

711 821 874 875 MOERIS.

640 979 778 1024 tremas.
821 979 947 1023 MOERIS.

733 1103 855 1141 arctoas.

309 1191 383 1265 Quo
397 1199 435 1263 te,
452 1188 557 1262 Moeri,
572 1188 687 1269 pedes?
707 1195 830 1304 an,''quo
844 1187 892 1246 via
905 1185 995 1271 ducit,
1011 1185 1042 1243 in
1055 1183 1178 1244 urbem?

741 1309 850 1345 MOERIS.

309 1379 337 1438 Ο
355 1377 477 1456 Lycida,
492 1376 551 1434 vivi
565 1374 763 1452 pervenimus,
779 1373 895 1434 advena
909 1373 1011 1445 nostri,

309 1470 400 1544 Quod
415 1487 575 1544 numquam
589 1467 674 1526 veriti
688 1485 798 1540 sumus,
813 1476 846 1526 ut
859 1485 1016 1543 possessor
1030 1463 1117 1544 agelli

309 1563 449 1621 Diceret:
472 1563 559 1619 Haec
572 1578 641 1619 mea
654 1568 721 1618 sunt
733 1581 743 1633 3
763 1568 878 1618 veteres
893 1559 1016 1636 migrate
1031 1557 1137 1619 coloni.

309 1657 340 1713 N
341 1673 399 1713 unc
413 1653 490 1726 victi,
505 1653 613 1725 tristes,
629 1652 769 1728 quoniam
784 1653 856 1710 Fors
871 1650 971 1711 omnia
985 1661 1090 1723 versat,
1272 1675 1283 1712 s

310 1751 379 1806 Hos
393 1747 436 1805 illi
445 1736 575 1835 -lquod
591 1763 646 1804 nec
660 1753 755 1804 vertat
769 1744 896 1803 bene—
906 1743 1047 1829 mittimus
1062 1742 1183 1802 haedos.

735 1865 857 1902 LYCIDAS.

312 1936 401 1994 Certe
416 1933 554 2008 equidem
569 1933 728 2005 audieram,
745 1951 804 2008 qua
818 1950 851 1990 se
866 1929 1031 1990 subducere
1047 1930 1139 1989 colles

311 2025 472 2101 Incipiunt,
487 2025 629 2101 mollique
648 2026 752 2102 jugum
767 2024 922 2083 demittere
937 2022 1021 2096 clivo,

311 2119 418 2193 Usque
433 2117 470 2177 ad
486 2137 593 2194 aquam
607 2126 638 2176 et
650 2126 775 2190 veteres,
796 2118 858 2193 jam
872 2116 964 2175 fracta
977 2114 1139 2196 cacumina,
1154 2115 1237 2194 fagos

311 2210 422 2269 Omnia
435 2211 614 2271 carminibus
629 2220 759 2269 vestrum
774 2227 909 2270 servasse
924 2208 1091 2268 Menalcan.
1191 2259 1194 2268 r
1263 2239 1286 2265 ιο

743 2331 853 2369 nornis.

311 2399 466 2470 Audieras,
482 2407 512 2457 et
527 2398 605 2457 sama
618 2397 692 2472 fuit;
712 2398 766 2457 sed
781 2396 911 2457 carmina
923 2406 1039 2457 tantum

312 2493 424 2549 Nostra
436 2490 545 2562 valent,
562 2491 682 2568 Lycida,
698 2491 758 2550 tela
772 2489 980 2564 interMartia,
997 2499 1140 2566 quantum

312 2583 464 2643 Chaonias
478 2582 581 2641 dicunt
595 2583 693 2658 aquila
706 2581 845 2641 veniente
859 2582 1017 2642 columbas.

312 2675 404 2751 Quod
420 2674 478 2733 nisi
489 2693 537 2734 me
552 2693 737 2751 quacumque
752 2694 845 2735 novas
860 2675 990 2735 incidere
1005 2676 1072 2734 lites

312 2769 393 2826 Ante
408 2766 528 2825 sinistra
541 2784 614 2825 cava
628 2768 793 2827 monuisset
807 2768 845 2828 ab
859 2768 925 2827 ilice
941 2767 1052 2841 cornix,
1264 2796 1286 2833 15

313 2863 379 2919 Nec
394 2868 461 2919 tuus
475 2858 524 2917 hic
539 2859 660 2932 Moeris,
675 2878 736 2919 nec
752 2860 863 2919 viveret
877 2861 941 2938 ipse
956 2861 1119 2921 Menalcas.

512 2954 516 2960 ’
738 2982 859 3019 rrcrnas.

315 3051 395 3120 Heu,
411 3047 491 3106 cadit
504 3046 535 3105 in
549 3065 727 3123 quemquam
742 3057 857 3107 tantum
872 3048 988 3108 scelus?
1008 3048 1075 3122 heu,
1091 3058 1142 3109 tua
1156 3048 1241 3110 nobis

315 3142 415 3199 Paene
430 3139 516 3198 simul
530 3147 629 3198 tecum
644 3140 749 3199 solatia
763 3151 855 3217 rapta,
871 3142 1032 3200 Menalca?

315 3232 391 3307 Quis
405 3242 524 3291 caneret
538 3232 713 3309 Nymphas?
734 3232 801 3307 quis
815 3233 936 3292 humum
951 3232 1124 3297 florentibus
1138 3235 1238 3295 herbis

317 3327 481 3402 Spargeret,
497 3333 547 3383 aut
560 3324 647 3382 viridi
661 3324 759 3384 fontes
773 3324 926 3386 induceret
939 3327 1088 3411 umbrals

315 3417 373 3476 Vel
389 3435 465 3493 quae
479 3416 595 3491 sublegi
610 3416 716 3476 tacitus
730 3417 784 3477 tibi
798 3419 929 3478 carmina
943 3438 1045 3497 nuper,

316 3509 417 3583 Quum
432 3518 461 3569 te
475 3508 513 3568 ad
528 3508 648 3570 delicias
661 3510 760 3582 ferres,
778 3510 966 3589 Amaryllida,
982 3514 1121 3573 nostras?

318 3605 335 3633 “
344 3600 454 3679 Tityre,
470 3601 541 3659 dum
555 3602 800 3662 redeo—brevis
815 3614 860 3663 est
873 3601 1067 3680 via-pasce
1082 3605 1221 3683 capellas,

317 3696 357 3753 Et
371 3703 473 3770 potum
488 3704 587 3769 pastas
601 3712 665 3773 age,
681 3694 791 3771 Tityre,
807 3705 837 3755 et
851 3694 926 3755 inter
940 3696 1087 3772 agendum

318 3788 480 3849 Occursare
494 3804 583 3863 capro
592 3781 732 3848 4comu
746 3786 812 3849 ferit
825 3788 1061 3849 ille-cavet0.’'
1266 3820 1290 3858 ις
1354 3815 1357 3821 ’
