3017 4700
546 430 726 475 GEORGICON
747 431 806 474 LlB.
831 431 863 472 11.
906 441 908 448 ·

267 579 381 655 Sponte
394 594 449 636 sua
461 595 538 652 qnae
552 594 584 636 se
597 577 706 636 tollunt
719 576 750 635 in
765 575 883 636 luminis
897 593 972 650 oras,

224 671 391 730 Insecunda
404 668 533 746 quidem,
549 669 603 729 sed
617 671 695 729 laeta
708 679 738 729 et
752 669 837 729 fortia
851 679 991 746 surgunt,

180 779 187 790 ·
224 763 344 841 Quippe
359 765 423 824 solo
436 773 540 822 natura
554 764 663 823 subest·
706 764 821 822 Tamen
836 763 910 822 haec
924 779 1053 840 quoqne,
1068 759 1094 821 si
1109 759 1174 838 quis

225 861 348 930 Inserat,
364 867 414 916 aut
429 857 582 916 scrobibus
596 856 718 937 mandet
731 866 844 915 mutata
858 855 995 928 subactis,
1172 882 1195 919 50

225 950 367 1010 Exuerint
380 949 541 1010 silvestrem
555 948 695 1022 animum,
711 950 851 1024 cultuque
865 947 1011 1025 frequenti

225 1047 262 1103 In
277 1037 478 1120 quascumque
492 1061 583 1102 voces
596 1053 674 1101 artes
687 1042 767 1101 hand
782 1043 864 1101 tarda
879 1051 1045 1118 sequentur.

225 1138 254 1194 N
256 1154 290 1194 ec
306 1154 366 1194 non
381 1145 411 1194 et
425 1133 539 1209 sterilis,
555 1153 631 1211 quae
646 1134 784 1211 stirpibus
799 1133 858 1196 exit
871 1137 909 1195 ab
924 1133 1000 1208 imis,
1013 1141 1019 1152 '

225 1231 298 1288 Hoc
311 1227 407 1301 saciet,
422 1245 533 1300 vacuos
547 1227 571 1286 si
585 1226 623 1286 sit
636 1226 750 1304 digesta
764 1245 816 1303 per
830 1245 933 1304 agros3
979 1207 984 1224 ⁸

226 1323 315 1380 Nunc
329 1320 406 1380 altae
419 1320 539 1380 frondes
553 1331 583 1379 et
596 1319 669 1378 rami
683 1319 783 1379 matris
797 1330 933 1396 opacant,

226 1413 438 1491 Crescentique
452 1414 587 1473 adimunt
600 1413 684 1486 fetus,
699 1423 847 1489 uruntque
862 1413 1012 1473 ferentem.

225 1509 302 1583 Jam,
318 1526 393 1583 qnae
408 1505 570 1566 seminibus
581 1505 668 1585 jactis
682 1525 714 1566 se
728 1506 845 1566 sustulit
859 1508 954 1580 arbos,

181 1659 189 1669 ,
226 1601 325 1660 Tarda
338 1599 427 1673 venit,
443 1598 515 1659 seris
528 1600 640 1659 factura
652 1599 812 1676 nepotibus
825 1601 968 1673 umbram,

227 1696 379 1770 Pomaque
393 1694 574 1769 degenerant
588 1711 677 1752 sucos
690 1692 784 1754 oblita
796 1691 917 1770 priores,

227 1789 265 1846 Et
280 1797 380 1863 turpes
396 1785 498 1845 avibus
512 1787 653 1862 praedam
667 1787 723 1845 fert
736 1803 795 1844 uva
807 1803 948 1844 racemos.

267 1879 385 1939 Scilicet
399 1878 537 1938 omnibus
551 1889 596 1938 est
610 1879 693 1938 labor
706 1877 931 1955 impendendus,
948 1886 978 1937 et
992 1895 1096 1937 omnes

228 1972 389 2049 Cogendae
404 1971 434 2030 in
449 1973 572 2044 sulcum,
588 1990 623 2030 ac
637 1971 731 2030 multa
744 1971 883 2030 mercede
898 1971 1072 2031 domandae.

228 2067 288 2126 Sed
302 2065 412 2125 truncis
426 2067 510 2125 oleae
524 2064 638 2137 melius,
653 2063 816 2140 propagine
830 2063 904 2122 vites

227 2158 431 2236 Respondent,
447 2157 544 2217 solido
559 2156 690 2234 Paphiae
703 2157 742 2216 de
755 2157 862 2216 robore
877 2165 1007 2233 myrtus;
1093 2154 1097 2160 ’

227 2253 339 2312 Plantis
354 2262 383 2312 et
397 2252 488 2310 durae
502 2251 592 2327 coryli
607 2260 775 2322 nascuntur,
791 2259 822 2308 et
835 2249 938 2326 ingens

227 2345 383 2419 Fraxinus,
395 2330 620 2420 Herculeaeque
635 2343 722 2403 arbos
736 2342 875 2402 umbrosa
888 2360 1025 2419 coronae,

227 2438 413 2515 Chaoniique
428 2437 517 2514 patris
531 2438 672 2514 glandes;
693 2435 782 2497 etiam
796 2436 888 2495 ardna
901 2437 1000 2513 palma

227 2533 374 2606 Nascitur,
388 2542 417 2592 et
430 2548 516 2591 casus
530 2530 613 2590 abies
627 2530 724 2589 visura
737 2528 874 2589 marinos

227 2625 369 2685 Inseritur
382 2643 452 2684 vero
466 2634 497 2683 et
510 2623 598 2683 nucis
606 2624 728 2682 arbutus
741 2620 860 2683 horrida
873 2623 942 2697 fetu,

227 2722 265 2778 Et
279 2717 393 2779 steriles
407 2716 518 2794 platani
533 2718 628 2775 malos
641 2734 761 2793 gessere
774 2715 925 2791 valentes;

227 2814 392 2873 Castaneae
408 2811 499 2887 fagus,
514 2828 664 2885 ornusque
678 2808 811 2869 incanuit
825 2809 895 2869 albo

227 2905 315 2964 Flore
329 2903 393 2980 piri,
407 2903 606 2980 glandemque
621 2922 687 2962 sues
701 2903 812 2978 fregere
827 2904 882 2961 sub
896 2901 992 2961 ulmis.

267 3000 333 3057 Nec
348 2997 455 3055 modus
470 2994 596 3055 inserere
610 3005 699 3071 atque
713 2997 825 3055 oculos·
833 2994 985 3071 imponere
1001 2993 1134 3071 simplex.

228 3093 315 3162 Nam,
332 3108 391 3165 qna
405 3108 437 3148 se
451 3087 550 3147 medio
564 3089 738 3148 trudunt‘de
753 3088 863 3148 cortice
878 3106 1012 3166 gemmae

229 3186 267 3245 Et
282 3194 385 3246 tenues
399 3192 538 3257 rumpunt
551 3180 675 3255 tunicas,
691 3192 833 3258 angustus
847 3179 878 3238 in
896 3180 962 3256 ipso

228 3276 276 3336 Fit
290 3276 372 3334 nudo
387 3274 485 3334 sinus:
505 3275 565 3334 huc
579 3275 676 3334 aliena
690 3294 727 3333 ex
740 3274 844 3332 arbore
858 3292 979 3350 germen

229 3369 399 3440 Includunt,
415 3369 535 3444 udoque
550 3368 660 3427 docent
674 3366 839 3425 inolescere
853 3365 936 3425 libr0.

226 3466 288 3522 Aut
302 3480 414 3521 rursum
429 3462 541 3520 enodes
555 3458 650 3519 trunci
663 3469 841 3532 resecantur,
858 3468 888 3518 et
903 3460 960 3518 alte

228 3554 364 3615 Finditur
378 3554 408 3613 in
424 3554 552 3613 solidum
567 3551 670 3612 cuneis
683 3552 740 3625 via,
757 3550 865 3611 deinde
880 3553 991 3611 feraces

227 3650 352 3707 Plantae
366 3646 579 3706 immittuntur:
600 3664 657 3703 nec
671 3645 792 3723 longum
807 3655 932 3722 tempus,
949 3640 978 3705 =et
993 3644 1097 3722 ingens

229 3740 308 3801 Exiit
322 3740 361 3800 ad
376 3740 491 3799 coelum
506 3738 596 3797 ramis
610 3737 744 3797 felicibus
759 3738 855 3812 arbos,

229 3834 413 3911 Miraturque
428 3851 521 3892 novas
535 3832 655 3891 frondes
668 3841 698 3891 et
712 3850 772 3890 non
788 3849 842 3891 sua
855 3850 952 3908 poma
