3017 4700
303 441 339 513 76
619 453 644 496 P.
667 452 799 497 vinoun
821 453 963 497 unaoms
1059 453 1073 461 “

711 627 864 666 muhamas,

301 693 375 752 Tale
390 701 472 752 tuum
486 711 606 752 carmen
619 693 714 767 nobis,
730 694 830 752 divine
844 702 940 771 poeta,
1254 721 1278 758 4⁵

302 786 398 860 Quale
413 805 502 861 sopor
516 785 601 846 fessis
616 786 646 844 in
660 787 801 864 gramine,
818 786 906 862 quale
919 803 973 862 per
988 794 1104 844 aestum

302 879 407 938 Dulcis
421 898 515 955 aquae
530 879 654 939 saliente
669 879 748 938 sitim
763 879 946 956 restinguere
961 877 1031 937 rivo.

282 974 367 1097 pNec
382 971 502 1031 calamis
517 972 614 1032 solum
628 972 810 1048 aequiparas,
826 971 968 1031 sed'voce
982 934 1174 1048 magistrumi

302 1065 463 1123 Fortunate
477 1083 558 1141 puer,
574 1074 606 1124 tu
620 1083 699 1124 nunc
713 1064 770 1124 eris
783 1064 858 1123 alter
871 1063 909 1122 ab
924 1062 983 1122 illo.

301 1159 367 1216 Nos
381 1167 481 1216 tamen
496 1158 569 1216 haec
584 1176 770 1235 quocumque
784 1157 875 1215 modo
889 1155 942 1215 tibi
957 1166 1059 1216 nostra
1073 1155 1205 1214 vicissim
1253 1181 1278 1218 50

302 1251 453 1323 Dicemus,
471 1251 682 1326 Daphnimque
697 1260 779 1308 tuum
792 1249 930 1309 tollemus
945 1249 984 1307 ad
998 1259 1097 1321 astra;

301 1343 445 1420 Daphnin
459 1344 496 1404 ad
513 1353 591 1403 astra
605 1343 753 1402 feremus:
773 1340 882 1402 amavit
896 1361 952 1402 nos
967 1360 1086 1418 quoque
1102 1338 1247 1417 Daphnis.

734 1476 846 1514 uorsus

299 1544 349 1600 An
364 1543 523 1619 quicquam
537 1541 623 1602 nobis
637 1542 688 1601 tali
702 1542 741 1602 sit
755 1559 876 1601 munere
890 1540 1004 1618 majus?

301 1636 340 1694 Et
353 1654 427 1712 puer
440 1634 504 1711 ipse
519 1635 573 1694 fuit
587 1633 699 1694 cantari
713 1635 828 1712 dignus,
843 1644 873 1695 et
887 1633 946 1692 ista

300 1729 367 1802 Jam
381 1727 496 1805 pridem
511 1727 653 1788 Stimicon
667 1727 797 1788 laudavit
811 1726 941 1786 carmina
955 1725 1050 1784 nobis.
1253 1752 1277 1788 ss

239 1881 243 1884 .
709 1849 862 1886 narniens

301 1914 455 1974 Candidus
470 1916 618 1974 insuetum
632 1915 753 1974 miratur
766 1916 856 1974 limen
872 1911 993 1991 Olympi

300 2008 361 2066 Sub
375 2008 562 2084 pedibusque
576 2007 659 2067 videt
672 2008 768 2069 nubes
782 2017 812 2067 et
825 2007 925 2066 sidera
939 2002 1086 2080 Daphnis.

300 2101 379 2178 Ergo
393 2100 497 2160 alacris
512 2101 601 2160 silvas
615 2112 645 2161 et
659 2112 758 2161 cetera
770 2119 837 2160 rura
850 2100 989 2175 voluptas

299 2196 441 2271 Panaque
455 2204 650 2270 pastoresque
664 2205 747 2254 tenet
762 2194 958 2273 Dryadasque
972 2189 1097 2267 puellas.

300 2289 365 2346 Nec
380 2288 466 2365 lupus
481 2287 604 2347 insidias
618 2289 727 2366 pecori,
744 2306 801 2347 nec
814 2287 889 2346 retia
902 2284 998 2344 oervis

299 2382 371 2441 Ulla
384 2382 486 2441 dolum
500 2366 699 2455 meditantur3
719 2390 799 2440 amat
812 2381 910 2439 bonus
924 2376 985 2437 otia
1000 2374 1148 2452 Daphnis.

300 2474 364 2551 Ipsi
377 2474 489 2533 laetitia
502 2493 592 2533 voces
607 2474 646 2532 ad
660 2473 758 2533 sidera
774 2474 888 2552 jactant

300 2567 416 2626 Intonsi
431 2576 566 2640 montes;
586 2567 669 2642 ipsae
687 2567 749 2641 jam
764 2566 895 2625 carmina
908 2582 1003 2639 rupes,

299 2661 371 2735 Ipsa
385 2669 493 2719 sonant
507 2659 643 2717 arbusta:
665 2659 748 2732 deus,
764 2659 838 2717 deus
852 2658 910 2730 illc,
927 2656 1085 2715 Menalca!

300 2752 347 2811 Sis
361 2752 458 2811 bonus
473 2770 491 2811 ο
506 2750 635 2826 felixque
650 2750 724 2810 tuis!
747 2770 785 2809 en
800 2759 940 2827 quattuor
954 2767 1020 2807 aras
1035 2769 1041 2805 :

299 2846 378 2903 Ecce
392 2845 467 2903 duas
481 2842 544 2916 tibi,
562 2844 693 2920 Daphni,
710 2843 785 2903 duas
799 2843 904 2903 altaria
918 2841 1049 2900 Phoebo.

299 2938 411 2995 Pocula
424 2935 496 2995 bina
509 2955 587 2995 novo
603 2934 772 3011 spumantia
787 2936 863 2994 lacte
878 2934 1051 3011 quotannis

299 3030 495 3104 Craterasque
511 3029 586 3087 duos
601 3037 728 3087 statuam
742 3027 796 3087 tibi
810 3027 929 3105 pinguis
943 3025 1022 3095 olivi,

299 3123 338 3179 Et
351 3122 444 3181 multo
458 3122 488 3180 in
503 3122 604 3197 primis
619 3120 749 3180 hilarans
764 3120 900 3180 convivia
915 3118 1042 3189 Bacche,

299 3216 382 3279 Ante¹
393 3215 498 3287 focum,
515 3214 538 3272 si
552 3213 642 3290 frigus
657 3214 720 3286 erit,
736 3214 763 3273 si
777 3212 892 3285 messis,
907 3213 938 3270 in
953 3210 1065 3282 umbra,

297 3307 377 3364 Vina
391 3326 500 3365 novum
514 3306 636 3365 fundam
650 3306 774 3366 calathis
789 3305 908 3365 Ariusia
923 3314 1032 3363 nectar.

299 3398 470 3458 Cantabunt
484 3398 556 3457 mihi
571 3401 734 3459 Damoetas
749 3408 779 3457 et
794 3398 915 3476 Lyctius
930 3398 1038 3473 Aegon
1051 3416 1060 3468 3

298 3492 445 3551 Saltantes
459 3492 577 3570 Satyros
592 3491 752 3550 imitabitur
767 3488 996 3567 Alphesiboeus.

299 3586 386 3643 Haec
401 3583 454 3643 tibi
468 3603 585 3661 semper
599 3593 693 3656 erunt,
709 3593 739 3643 et
753 3602 845 3660 quum
860 3580 1017 3641 sollemnia
1031 3589 1101 3638 vota

298 3676 473 3735 Reddemus
487 3675 642 3753 Nymphis,
658 3685 688 3735 et
702 3695 793 3752 quum
807 3674 995 3735 lustrabimus
1009 3690 1104 3749 agros.

299 3771 379 3827 Dum
398 3770 469 3846 juga
482 3768 592 3827 montis
606 3787 685 3845 aper,
701 3768 806 3828 fluvios
820 3768 892 3826 dum
906 3765 997 3841 piscis
1011 3763 1130 3834 amabit,

299 3863 438 3937 Dumque
452 3861 553 3937 thymo
567 3870 726 3937 pascentia
740 3878 821 3938 apes,
836 3859 908 3918 dum
921 3875 987 3917 rore
1000 3855 1131 3928 cicadae,
