3017 4700
200 411 204 416 .
308 364 366 422 216
623 379 648 421 r.
668 377 803 421 vrnorrrr
825 368 968 423 nrn'nonrs
1040 439 1044 448 Ι

306 524 365 584 Vel
378 533 419 597 tu,
435 542 517 599 quoo
531 534 671 600 superest,
687 523 796 584 infesto
810 523 932 585 fulmine
946 527 1041 600 morti,

170 628 234 693 (γρ,
252 626 284 676 ζ,
308 617 339 677 Si
354 636 476 691 mereor,
493 617 623 692 demitte,
640 628 750 695 tuaque
764 619 813 678 hic
828 619 920 678 obrue
935 620 1042 679 dextra.

306 710 365 769 Vix
379 712 454 770 baec
469 710 608 784 ediderat,
625 731 716 787 quum
730 711 830 772 effusis
844 711 986 772 imbribus
1001 724 1063 773 atra
1114 712 1118 718 ’

307 805 482 880 Tempestas
497 803 560 864 sine
574 823 656 864 more
671 805 747 878 furit,
764 805 933 882 tonitruque
948 816 1129 866 tremescunt

307 896 410 956 Ardua
424 906 565 956 terrarum
579 907 610 956 et
623 897 741 975 campi;
761 897 818 958 ruit
832 899 951 958 aethere
966 909 1030 959 toto

306 989 456 1052 Turbidus
471 989 566 1050 imber
579 1010 657 1068 aqua
671 991 832 1068 densisque
846 992 1018 1068 nigerrimus
1033 991 1137 1052 austris
1148 1015 1157 1068 3

260 1145 270 1167 U
308 1083 531 1160 Implenturque
545 1103 634 1160 super
647 1103 763 1161 puppes
775 1107 783 1159 ;
804 1085 944 1144 semiusta
958 1085 1133 1145 madescunt

156 1198 169 1260 ¹,
184 1208 198 1218 „
223 1224 227 1233 .
273 1202 284 1231 r
308 1177 451 1250 Robora3
471 1177 629 1236 restinctus
643 1177 740 1236 donec
754 1194 848 1254 vapor
861 1177 966 1252 omnir,
980 1188 1010 1237 et
1024 1197 1136 1252 omnes,

243 1273 247 1280 '
307 1270 444 1344 Quatuor
457 1269 581 1343 amissis,
597 1279 730 1338 servatae
743 1291 762 1330 a
775 1281 860 1349 peste
874 1273 1000 1334 carinae.
1079 1270 1083 1278 ’

348 1365 390 1422 At
403 1374 487 1440 pater
500 1365 627 1436 Aeneas,
643 1382 714 1422 casu
728 1381 890 1423 concussus
904 1365 1020 1438 acerbo,

308 1458 397 1516 Nunc
411 1456 469 1515 huc
484 1455 626 1534 ingentes,
642 1475 722 1515 nunc
736 1455 807 1516 illuc
816 1467 939 1532 pectore
955 1475 1038 1516 curas

308 1551 447 1610 Mutabat
460 1567 589 1622 versans,
606 1547 752 1608 Siculisne
766 1548 908 1609 resideret
921 1549 1006 1623 arvis,

307 1643 428 1704 Oblitus
442 1644 576 1716 fatorum,
593 1643 723 1702 Italasne
737 1654 904 1718 capesseret
919 1661 994 1702 oras.
1033 1660 1046 1690 a
1075 1673 1086 1690 a
1104 1670 1135 1694 *w
1167 1687 1171 1695 ,
1234 1675 1243 1694 a
1269 1703 1278 1710 ,.

307 1739 386 1796 Turn
400 1737 498 1805 senior
512 1739 634 1809 Nautes
649 1755 742 1796 unum
757 1736 892 1795 Tritonia
907 1737 1004 1796 Pallas

308 1831 406 1905 Quem
422 1829 523 1891 docuit
536 1831 687 1906 multaque
701 1829 847 1906 insignem
861 1829 989 1889 reddidit
1002 1839 1064 1889 arte
1072 1863 1114 1874 -

308 1927 396 1986 Haec
409 1941 552 2003 responsa
565 1924 664 1997 dabat,
680 1924 727 1982 vel
742 1943 818 2000 quae
833 1923 1023 2000 portenderet
1036 1923 1079 1982 ira

307 2021 421 2097 Magna
435 2019 532 2093 deum,
548 2019 595 2078 vel
609 2036 687 2094 quae
701 2018 827 2077 satorum
842 2027 977 2094 posceret
991 2018 1114 2077 ordo-

308 2114 398 2189 Isque
412 2111 459 2172 his
473 2116 598 2173 Aenean
613 2112 724 2171 solatus
737 2109 861 2170 vocibus
875 2109 957 2170 infit:
1063 2149 1069 2158 -

307 2207 385 2266 Nate
400 2207 465 2280 dea,
482 2226 544 2283 quo
556 2207 617 2266 sata
631 2205 750 2264 trahunt
763 2203 982 2280 retrahuntque,
998 2221 1175 2279 sequamur3

307 2297 461 2377 Quidquid
476 2300 539 2375 erit,
556 2299 722 2377 superanda
735 2296 832 2357 omnis
847 2297 965 2357 fortuna
978 2295 1102 2357 ferendo
1116 2305 1167 2357 est.

306 2394 361 2453 Est
375 2392 429 2453 tibi
444 2394 612 2455 Dardanius
627 2392 744 2453 divinae
759 2390 857 2468 stirpis
872 2393 1014 2450 Acestes:

307 2489 399 2547 Hunc
413 2507 488 2564 cape
502 2486 633 2547 consiliis
648 2486 762 2545 socium
777 2495 807 2544 et
820 2486 969 2560 conjunge
983 2484 1132 2543 volentem
1145 2505 1154 2558 ;

167 2600 171 2607 ·
211 2594 218 2600 “
307 2580 389 2639 Huic
404 2582 496 2654 trade,
512 2581 627 2640 amissis
642 2588 782 2656 superant
795 2576 847 2653 qui
860 2576 994 2650 navibus,
1010 2587 1040 2637 et
1054 2594 1129 2652 quos

306 2675 479 2733 Pertaesum
493 2672 593 2750 magni
606 2670 718 2749 incepti
731 2689 887 2747 rerumque
902 2680 1017 2729 tuarum
1031 2681 1096 2744 est,
1203 2736 1205 2741 ,

306 2768 542 2843 Longaevosque
557 2784 643 2825 senes
656 2784 692 2825 ac
706 2764 799 2824 fessas
813 2782 941 2840 aequore
956 2774 1073 2837 matres,

306 2861 345 2918 Et
360 2858 503 2936 quidquid
518 2870 616 2918 tecum
629 2857 800 2941 invalidum⁹
806 2868 999 2933 metuensque
1013 2855 1115 2933 pericli
1130 2865 1182 2930 est,

306 2952 422 3029 Delige,
437 2952 527 3012 ethis
541 2952 672 3012 habeant
685 2950 769 3012 terris
784 2950 848 3010 sine
862 2949 981 3010 moenia
994 2949 1083 3024 fessi;

205 3090 208 3095 -
279 3071 283 3077 ’
306 3047 422 3105 Urbem
436 3047 630 3123 appellabunt
643 3044 788 3122 permisso
802 3044 923 3104 nomine
937 3044 1085 3103 Acestam

345 3138 469 3199 Talibus
484 3139 622 3199 incensus
637 3138 723 3199 dictis
738 3136 860 3199 senioris
875 3136 971 3211 amici,

305 3233 384 3290 Tum
397 3250 467 3292 vero
481 3231 513 3291 in
526 3251 611 3292 curas
624 3232 724 3292 animo
738 3231 887 3291 diducitur
901 3248 1013 3291 omnes

306 3326 346 3385 Et
360 3328 430 3385 Nox
444 3336 507 3385 atra
519 3326 621 3403 polum
635 3324 711 3403 bigis
726 3326 867 3385 subvecta
882 3325 1022 3384 tenebat:

305 3418 379 3477 Visa
393 3418 501 3479 debinc
515 3419 603 3479 coelo
614 3418 704 3478 facies
718 3418 843 3495 delapsa
856 3416 986 3495 parentis
1048 3429 1051 3434 “

307 3510 457 3571 Anchisae
471 3512 570 3571 subito
578 3512 658 3571 ‘tales
673 3511 825 3571 effundere
838 3529 947 3570 voces:

307 3607 394 3678 Nate,
411 3603 482 3663 mihi
497 3603 556 3664 vita
571 3605 732 3681 quondam,
748 3605 820 3664 dum
833 3602 894 3663 vita
907 3604 1056 3677 manebat,

307 3701 383 3759 Care
398 3698 500 3777 magis,
516 3708 594 3771 nate,
611 3697 711 3758 Iliacis
725 3696 852 3757 exercite
866 3696 942 3770 satis,

308 3792 438 3869 Imperio
452 3790 534 3869 Jovis
548 3791 606 3851 huc
619 3790 718 3865 venio,
733 3789 785 3866 qui
799 3788 942 3850 classibus
957 3788 1057 3867 ignem
