3017 4700
300 476 355 514 112
438 473 465 515 P.
487 473 622 515 VIRGILII
643 473 787 516 MARONIS
808 474 988 518 GEORGICON
1011 477 1069 518 LIB.
1093 477 1125 518 11.

296 613 436 688 Sustinet,
451 613 522 674 hinc
535 624 668 675 armenta
681 615 773 676 boum
786 613 964 692 meritosque
976 616 1128 691 juvencos.

296 709 364 767 Nec
377 705 502 784 requies,
518 709 590 784 quin
604 718 656 768 aut
668 709 766 786 pomis
780 711 920 769 exuberet
933 727 1037 782 annus,

296 803 359 861 Aut
372 801 433 861 fetu
448 820 598 878 pecorum,
614 813 665 862 aut
679 801 809 862 Cerealis
819 801 945 887 mergite
959 799 1057 874 culmI,

296 895 506 971 Proventuque
520 904 624 954 oneret
638 895 737 954 sulcos
750 905 839 971 atque
854 895 959 954 horrea
972 893 1078 954 vincat

294 985 386 1046 Venit
400 988 514 1047 hiems:
535 987 636 1048 teritur
649 986 787 1065 Sicyonia
799 989 893 1048 bacca
906 986 1036 1064 trapetis
1122 1027 1126 1034 -

295 1080 414 1141 Glande
429 1099 495 1140 sues
509 1080 579 1141 laeti
593 1081 725 1154 redeunt,
742 1081 815 1140 dant
828 1073 933 1140 arbuta
946 1079 1056 1154 silvae;

295 1174 336 1232 Et
349 1171 445 1232 varios
458 1173 545 1250 ponit
559 1174 636 1233 fetus
650 1185 818 1247 autumnus,
834 1183 864 1235 et
879 1175 937 1234 alte

295 1264 380 1324 Mitis
394 1265 425 1324 in
440 1265 545 1343 apricis
560 1265 696 1343 coquitur
709 1265 859 1326 vindemia
873 1266 958 1327 saxis.
1029 1317 1033 1326 .

295 1361 415 1420 Interea
428 1359 530 1419 dulces
542 1360 676 1436 pendent
689 1358 798 1423 circum
814 1360 914 1420 oscula
928 1359 998 1433 nati,

295 1453 387 1513 Casta
400 1451 572 1528 pudicitiam
586 1461 683 1512 servat
697 1452 812 1526 domus,
828 1453 918 1513 ubera
932 1471 1058 1512 vaccae*

294 1547 407 1604 Lactea
420 1544 587 1618 demittunt,
602 1543 786 1621 pinguesque
801 1544 831 1603 in
845 1544 975 1622 gramine
990 1545 1070 1606 laeto

295 1639 379 1697 Inter
392 1656 426 1697 se
440 1635 572 1696 adversis
585 1637 733 1697 luctantur
746 1637 884 1698 cornibus
898 1637 993 1698 haedi.

294 1733 365 1807 Ipse
380 1728 444 1789 dies
458 1730 549 1806 agitat
563 1730 664 1803 festos,
679 1731 820 1806 fususque
834 1750 887 1808 per
900 1731 1031 1804 herbam,

294 1823 377 1900 Ignis
391 1822 444 1882 ubi
457 1822 487 1882 in
502 1823 602 1883 medio
616 1834 647 1884 et
661 1823 734 1883 socii
747 1834 859 1884 cratera
872 1829 1024 1896 coronant,

293 1918 348 1990 Te,
364 1915 471 1990 libans,
486 1919 614 1990 Lenaee,
630 1926 726 1990 vocat,
740 1916 914 1995 pecorisque
928 1916 1073 1993 magistris

293 2008 415 2072 Velocis
426 2010 517 2090 jaculi
530 2009 692 2069 certamina
704 2009 791 2086 ponit
804 2009 835 2068 in
848 2010 938 2083 ulm0,

294 2103 488 2180 Corporaque
502 2102 609 2179 agresti
623 2103 738 2162 nudant
751 2103 897 2180 praedura
910 2103 1081 2179 palaestrae.

294 2199 387 2256 Hanc
401 2195 472 2256 olim
487 2207 601 2256 veteres
615 2194 706 2256 vitam
721 2197 839 2256 coluere
853 2194 963 2270 Sabini,

294 2291 386 2352 Hanc
401 2291 516 2350 Remus
531 2301 561 2350 et
575 2290 670 2365 frater,
687 2287 728 2349 sic
743 2286 824 2350 fortis
839 2287 954 2348 Etruria
967 2287 1058 2349 crevit

293 2384 422 2457 Scilicet,
437 2393 468 2445 et
481 2402 577 2443 rerum
592 2384 670 2442 facta
684 2393 729 2442 est
742 2382 938 2458 pulcherrima
953 2384 1060 2456 Roma,

293 2478 474 2554 Septemque
488 2495 548 2536 una
561 2474 618 2535 sibi
632 2494 717 2534 muro
730 2474 924 2536 circumdedit
939 2494 1027 2549 arces.

292 2572 373 2630 Ante
388 2568 476 2629 etiam
492 2579 639 2646 sceptrum
655 2567 774 2628 Dictaei
787 2566 870 2645 regis,
886 2577 916 2627 et
930 2578 998 2627 ante

294 2661 393 2739 Impia
407 2680 496 2738 quarn
510 2660 605 2721 caesis
618 2680 692 2738 gens
706 2671 750 2720 est
765 2662 883 2737 epulata
892 2660 1035 2739 juvencis,

292 2757 409 2814 Aureus
423 2755 500 2814 hanc
514 2752 605 2813 vitam
619 2753 650 2813 in
665 2754 747 2814 terris
762 2755 900 2813 Saturnus
915 2755 1039 2831 agebat:

294 2848 433 2907 Necdum
447 2846 536 2906 etlam
551 2845 704 2907 audierant
717 2846 811 2907 inflari
824 2844 954 2920 classica,
970 2846 1098 2907 necdum

293 2939 456 3018 Impositos
470 2937 550 2999 duris
564 2939 707 3017 crepitare
721 2938 878 3010 incudibus
892 2958 985 3001 enses.

333 3034 393 3094 Sed
407 3051 463 3092 nos
477 3032 654 3093 immensum
668 3032 773 3111 spatiis
787 3032 967 3094 confecimus
981 3050 1099 3109 aequor,

295 3128 334 3187 Et
346 3128 408 3204 jam
423 3137 541 3203 tempus
554 3144 665 3203 equum
678 3126 823 3189 fumantia
837 3128 950 3189 solvere
964 3126 1047 3187 colla
