3017 4700
301 411 356 469 166
611 427 637 470 r.
659 425 792 470 vruornrr
813 425 957 470 unnonrs

296 573 386 648 Jussa
399 572 482 646 mori,
499 565 575 649 quae
590 571 708 632 sortitus
723 591 783 632 non
798 571 920 649 pertulit
933 572 1018 645 ullos,

297 667 363 725 Nee
377 663 496 725 victoris
510 664 572 725 heri
587 664 683 743 tetigit
697 664 814 742 captiva
828 665 943 724 cubile!

296 760 372 831 Nos,
387 757 482 834 patria
495 756 617 818 incensa
630 759 746 818 diversa
760 777 812 834 per
825 775 956 834 aequora
968 765 1081 830 vectae,

296 849 399 927 Stirpis
413 850 565 911 Achilleae
580 852 671 911 fastus
682 852 883 926 juvenemque
897 851 1065 926 superbum,

296 943 419 1004 Servitio
434 943 546 1018 enixae,
560 945 704 1018 'tulimus3
722 943 773 1020 qui
788 944 906 1017 deinde,
924 953 1042 1004 secutus

296 1036 447 1096 Ledaeam
462 1029 649 1097 Hermionen
665 1036 981 1114 Lacedaemoniosque
996 1037 1185 1114 hymenaeos,

296 1131 350 1189 Me
365 1130 475 1190 famulo
489 1131 689 1206 famulamque
707 1130 827 1188 Heleno
842 1129 1003 1190 transmisit
1017 1130 1195 1190 habendam.

296 1225 353 1281 Ast
367 1222 458 1296 illum,
475 1233 593 1306 ereptae
608 1240 717 1298 magno
732 1221 931 1283 inflammatus
946 1242 1046 1282 amore

297 1315 441 1392 Conjugis
455 1326 485 1375 et
500 1317 643 1375 scelerum
659 1314 754 1374 Furiis
769 1315 902 1392 agitatus,
919 1316 1040 1376 Orestes

297 1407 414 1486 Excipit
428 1407 579 1467 incautum
594 1406 762 1486 patriasque
777 1410 934 1470 obtruncat
949 1410 986 1470 ad
1002 1427 1074 1469 aras.

297 1503 397 1560 Morte
412 1502 606 1578 Neoptolemi
620 1521 778 1579 regnorum
792 1503 908 1563 reddita
922 1503 1011 1562 cessit

296 1596 368 1653 Pars
384 1595 515 1667 Heleno,
532 1595 583 1670 qui
599 1595 751 1655 Chaonios
766 1595 943 1672 cognomine
958 1613 1079 1672 campos

296 1685 523 1763 Chaoniamque
537 1705 657 1748 omnem
672 1690 804 1794 Trojano
818 1707 836 1748 a
851 1689 974 1749 Chaone
990 1688 1070 1762 dixit,

297 1781 501 1858 Pergamaque
516 1780 721 1858 lliacamque
710 1783 789 1860 Jugis
802 1782 880 1841 hanc
894 1781 1009 1842 addidit
1022 1801 1128 1842 arcem.

295 1873 355 1934 Sed
369 1872 423 1932 tibi
434 1873 489 1977 qui
503 1893 619 1978 cursum
634 1874 761 2027 reug,
715 1893 834 1967 ,quae
830 1875 890 1935 fata
904 1876 1033 1967 dedere?

296 1969 358 2026 Aut
346 1937 507 2053 tquisnam
523 1967 655 2044 ignarum
669 1988 689 2026 n
711 1968 778 2028 stris
794 1969 866 2028 deus
876 1969 994 2046 appulit
1008 1968 1086 2030 oris?

297 2058 378 2134 Quid
393 2079 467 2137 puer
481 2060 648 2133 Ascanius?
669 2072 826 2138 superatne
842 2071 871 2122 et
884 2061 1013 2122 vescitur
1027 2081 1104 2136 aura,

296 2155 395 2230 Quem
410 2152 485 2214 tibi
475 2174 537 2234 Jarn
551 2157 693 2232 Troja-
726 2188 733 2198 ·

297 2250 401 2324 Ecqua
414 2259 513 2308 tamen
528 2267 621 2326 puero
635 2260 680 2309 est
694 2249 820 2309 amissae
834 2268 905 2309 cura
918 2258 1023 2357 parent
1011 2249 1068 2308 tis?

296 2341 435 2420 Ecquid
428 2363 458 2401 m
466 2342 625 2419 antiquam
639 2341 777 2403 virtutem
792 2315 967 2420 animosque
980 2340 1085 2402 viriles

297 2437 335 2495 Et
349 2447 433 2513 pater
447 2439 566 2495 Aeneas
581 2446 611 2495 et
626 2437 788 2496 avunculus
803 2436 911 2497 excitat
926 2438 1077 2501 Hector?

295 2528 382 2588 Talia
395 2530 539 2588 fundebat
553 2528 709 2588 lacrimans
723 2531 889 2607 longosque
904 2519 1055 2589 ciebat
1023 2555 1031 2565 ··

296 2624 450 2681 Incassum
465 2622 558 2695 fletus,
575 2642 666 2698 quum
681 2642 746 2698 sese
762 2642 779 2682 a
793 2623 949 2684 moenibus
967 2624 1055 2682 heros

296 2714 459 2775 Priamides
474 2714 573 2776 multis
589 2716 727 2775 Helenus
741 2716 953 2777 comitantibus
967 2716 1057 2789 affert,

297 2807 501 2885 Agnoscitque
516 2827 594 2881 suos,
610 2809 763 2885 laetusque
777 2810 815 2869 ad
830 2810 932 2870 limina
946 2808 1035 2882 ducit,

296 2903 335 2962 Et
349 2902 475 2963 multum
489 2900 626 2961 lacrimas
638 2903 729 2962 verba
742 2902 819 2963 inter
832 2903 948 2981 singula
962 2901 1066 2962 fundit.

297 2995 440 3068 Procedo,
456 3006 486 3055 et
500 3014 622 3071 parvam
636 2996 757 3075 Trojam
773 2996 966 3072 simulataque
981 2992 1095 3071 magnis

297 3090 440 3165 Pergama
454 3099 483 3148 et
497 3099 628 3148 arentem
641 3088 755 3148 Xanthi
769 3088 947 3166 cognomine
960 3088 1054 3147 rivum

297 3184 448 3258 Agnosco,
464 3183 633 3257 Scaeaeque
648 3178 819 3273 amplector,
825 3181 927 3241 limina
935 3192 1052 3269 ,portae

297 3276 363 3333 Nec
377 3292 439 3332 non
454 3284 484 3333 et
498 3274 605 3335 Teucri
620 3275 702 3335 socia
716 3275 804 3335 simul
818 3276 891 3335 urbe
905 3275 1054 3352 fruuntur„

297 3368 370 3426 illos
384 3366 548 3443 porticibus
562 3388 612 3428 rex
626 3368 793 3447 accipiebat
806 3368 837 3427 in
851 3367 976 3445 amplis'3

254 3538 256 3541 Α
297 3459 385 3519 Aulai
399 3459 499 3519 medio
514 3460 647 3522 libabant
660 3462 770 3539 pocula
783 3460 901 3535 Bacchi,

296 3552 449 3629 Impositis
464 3572 535 3612 auro
550 3554 684 3631 dapibus,
701 3565 877 3633 paterasque
892 3554 1042 3613 tenebant.

280 3684 283 3690 ·
335 3647 463 3722 Jamque
477 3646 541 3705 dies
557 3648 688 3724 alterque
703 3647 766 3707 dies
780 3647 932 3725 processit,
949 3657 978 3707 et
992 3664 1081 3706 aurae

295 3739 372 3799 Vela
385 3748 494 3798 vocant
508 3738 682 3817 tumidoque
696 3740 813 3800 inflatur
826 3742 963 3801 carbasus
978 3749 1084 3801 austro·

297 3830 356 3892 His
370 3842 469 3891 vatem
483 3831 637 3911 aggredior
649 3832 736 3894 dictis
750 3853 786 3893 ac
801 3833 871 3893 talia
885 3851 1014 3911 quaeso:
