3017 4700
307 406 361 464 132
620 401 646 443 P.
669 401 801 444 VlRGlLII
823 401 965 445 MARONIS

303 537 451 621 Quocirca
465 564 571 624 capere
585 555 655 606 ante
670 546 748 606 dolis
763 557 793 606 et
806 546 925 624 cingere
939 548 1060 607 flamma

303 639 452 717 Reginam
467 639 602 712 meditor,
618 659 657 698 ne
671 659 732 715 quo
745 659 779 700 se
793 640 914 700 numine
929 651 1031 713 mutet,

304 732 364 792 Sed
379 752 488 810 magno
502 735 624 791 Aeneae
638 752 756 792 mecum
770 743 906 792 teneatur
919 752 1026 793 amore.

303 825 372 899 Qua
385 825 483 884 facere
498 824 529 884 id
542 826 648 902 possis,
665 835 795 890 nostram
810 845 890 886 nunc
904 828 1006 903 accipe
1020 837 1152 886 mentem
1167 847 1174 886 r

302 919 416 996 Regius
430 919 527 978 accitu
541 917 602 978 cari
614 917 756 994 genitoris
771 919 810 978 ad
823 918 928 978 urbem

304 1011 458 1075 Sidoniam
472 1031 546 1096 puer
559 1011 603 1070 ire
615 1021 708 1088 parat,
723 1031 791 1071 mea
805 1011 933 1072 maxima
946 1031 1025 1084 cura,

292 1106 394 1163 Dona
407 1103 517 1178 ferens,
528 1105 637 1182 pelago
651 1115 681 1164 et
694 1105 823 1178 flammis
836 1104 979 1164 restantia
993 1105 1122 1183 Trojae;

303 1198 396 1256 Hunc
410 1216 467 1276 ego
481 1197 611 1274 sopitum
625 1210 731 1256 somno
742 1216 835 1273 super
847 1199 908 1257 alta
922 1177 1051 1276 Cythdra
1073 1249 1075 1253 .
1212 1186 1214 1192 ¹

303 1291 365 1350 Aut
379 1309 469 1366 super
482 1290 612 1350 idalium
626 1300 742 1350 sacrata
756 1290 828 1350 sede
843 1291 1011 1363 recondam,

304 1385 352 1442 Ne
366 1402 426 1459 qua
440 1383 515 1442 scire
530 1383 617 1442 dolus
631 1383 784 1442 mediusve
799 1401 953 1442 occurrere
967 1383 1071 1464 possit

302 1477 351 1534 Tu
365 1476 470 1534 faciem
486 1476 564 1534 illius
579 1485 699 1536 noctem
711 1495 771 1534 non
787 1475 914 1552 amplius
927 1484 1018 1534 unam

303 1569 386 1628 Falle
401 1569 480 1641 dolo,
497 1578 629 1651 etnotos
643 1568 727 1644 pueri
740 1587 815 1644 puer
828 1567 919 1646 indue=
932 1570 1039 1642 vultus,

303 1663 356 1734 Ut,
373 1680 464 1737 quum
478 1672 507 1720 te
521 1661 633 1738 gremio
647 1660 776 1737 accipiet
788 1655 951 1721 laetis'siina
965 1662 1046 1720 Dido

303 1755 435 1831 Regales
449 1753 525 1813 inter
538 1773 659 1814 mensas
672 1755 851 1830 laticemque
867 1756 1007 1833 Lyaeum,

304 1848 405 1922 Quum
419 1847 502 1908 dabit
515 1848 669 1923 amplexus
683 1858 773 1923 atque
788 1849 890 1908 oscula
904 1846 1003 1906 dulcia
1017 1848 1095 1924 figet,

303 1941 463 2000 Occultum
477 1941 601 2017 inspires
615 1940 715 2018 ignem
731 1940 875 2016 fallasque
888 1959 1014 2000 veneno.

304 2034 392 2092 Paret
407 2030 501 2092 Amor
515 2033 603 2093 dictis
617 2053 702 2092 carae
715 2033 885 2111 genetricis,
901 2043 932 2092 et
945 2035 1008 2094 alas

304 2125 401 2200 Exuit,
417 2136 447 2186 et
460 2146 565 2206 gressu
578 2127 711 2205 gaudens
725 2127 838 2191 incedit
852 2127 919 2187 Iuli

302 2221 345 2279 At
357 2221 462 2280 Venus
475 2221 606 2280 Ascanio
620 2220 769 2296 placidam
782 2239 836 2296 per
850 2219 984 2278 membra
998 2218 1128 2295 quietem

304 2312 420 2391 Irrigat,
437 2323 467 2373 et
480 2313 576 2374 fotum
589 2313 702 2392 gremio
717 2313 775 2373 dea
788 2311 865 2373 tollit
879 2311 910 2372 in
924 2312 1002 2373 altos

304 2407 419 2465 Idaliae
433 2407 526 2481 lucos,
542 2408 594 2465 ubi
608 2407 706 2465 mollis
720 2425 874 2467 amaracus
888 2405 972 2464 illum
1017 2422 1020 2429 ’

304 2499 443 2559 Floribus
457 2509 488 2558 et
502 2500 583 2558 dulci
596 2499 753 2575 adspirans
768 2499 976 2581 complectitur
989 2498 1100 2557 umbra.

267 2610 269 2615 ·
343 2593 471 2668 Jamque
485 2592 548 2650 ibat
561 2592 642 2651 dicto
656 2610 765 2667 parens
780 2601 810 2650 et
824 2592 904 2650 dona
918 2592 1037 2668 Cupido

304 2684 401 2761 Regia
414 2686 553 2760 portabat
567 2684 672 2763 Tyriis,
689 2685 765 2743 duce
779 2684 874 2743 laetus
889 2685 1012 2745 Achate.

306 2778 406 2851 Quum
419 2778 510 2849 venit,
525 2778 637 2854 aulaeis
655 2778 717 2853 jam
732 2796 765 2835 se
780 2777 882 2855 regina
896 2777 1042 2854 superbis¹

264 2896 267 2900 ·
306 2871 404 2928 Aurea
418 2870 584 2945 composuit
598 2870 716 2945 sponda
728 2869 917 2945 mediamque
931 2870 1047 2929 locavit.
1091 2932 1093 2937 ,
1156 2936 1159 2945 y

304 2964 372 3039 Jam
385 2972 470 3039 pater
484 2965 604 3021 Aeneas
619 2971 650 3021 et
666 2963 729 3041 jam
742 2964 874 3042 Troiana
891 2962 1031 3041 juventus
1091 2976 1094 2983 ’
1110 2969 1159 3007 ·'·¹·
1179 2987 1181 2995 ·

305 3054 505 3129 Conveniunt,
522 3066 673 3132 stratoque
688 3075 776 3132 super
790 3056 985 3117 discumbitur
1000 3054 1088 3115 ostr'o.

306 3149 389 3207 Dant
402 3149 504 3207 famuli
518 3148 654 3208 manibus
669 3149 814 3226 lymphaS,
831 3150 1031 3225 Cereremque
1044 3148 1180 3209 canistris

306 3241 486 3317 Expediunt,
502 3242 656 3318 tonsisque
670 3241 769 3301 ferunt
782 3242 924 3301 mantelia
937 3242 1022 3301 villis.

307 3333 533 3411 Quinquaginta
547 3334 626 3393 intus
639 3334 777 3406 famulae,
794 3334 901 3409 quibus
916 3335 1020 3394 ordine
1034 3336 1154 3413 longam

261 3412 281 3501 ‚¹
307 3429 387 3487 Cura
400 3446 511 3503 penum
525 3415 646 3501 struere,
662 3437 693 3487 et
705 3427 834 3488 flammis
849 3428 968 3487 adolere
984 3430 1133 3505 Penates;

308 3522 438 3581 Centum
459 3522 534 3581 aliae
549 3521 734 3597 totidemque
747 3538 835 3597 pares
849 3530 946 3579 aetate
961 3520 1095 3597 ministri,
1180 3557 1185 3581 κ

256 3630 259 3636 ’
308 3613 369 3689 Qui
383 3612 511 3690 dapibus
525 3632 645 3673 mensas
658 3622 784 3672 onerent
798 3622 829 3671 et
842 3614 950 3689 pocula
963 3626 1085 3689 ponant.

308 3708 375 3765 Nec
389 3726 450 3765 non
464 3716 494 3765 et
508 3706 590 3784 Tyrii
603 3725 657 3783 per
670 3706 775 3764 limina
787 3706 865 3765 laeta
878 3706 1048 3781 frequentes

309 3800 496 3872 Convenere,
511 3799 584 3859 toris
597 3798 677 3878 'jussi
691 3798 880 3858 discumbere
893 3798 990 3875 pictis,

969 3898 1039 4006 s
