3017 4700
565 409 746 453 GEORGlCON
767 411 826 454 LIB.
846 413 878 454 11.

228 555 431 631 Balsamaque
445 564 475 614 et
488 555 595 614 baccas
610 574 728 632 semper
740 557 905 616 frondentis
919 555 1058 616 acanthi?

228 647 315 722 Quid
330 660 453 707 nemora
465 647 656 724 Aethiopum,
672 649 755 707 molli
769 649 905 708 canentia
918 651 1005 710 lana?

227 743 412 818 Velleraque
426 752 460 801 ut
473 741 549 800 foliis
563 742 723 818 depectant
737 742 837 801 tenuia
851 745 954 802 Seres?

231 837 296 895 Aut
310 855 385 912 quos
400 835 524 895 Oceano
538 834 659 911 propior
671 833 745 911 gerit
761 834 847 894 India
861 837 951 909 lucos,

232 927 365 987 Einemi
380 928 460 987 sinus
474 927 562 1001 orbis,
579 927 629 987 ubi
644 930 713 986 a'e'ra
727 927 843 988 vincere
858 947 1003 989 summurn

233 1021 356 1100 Arboris
371 1022 450 1080 haud
464 1023 541 1081 ullae
555 1023 636 1098 jactu
650 1031 774 1097 potuere
788 1021 930 1097 sagittae?

234 1115 273 1172 Et
286 1132 359 1190 gens
374 1113 425 1173 illa
439 1115 559 1190 quidem
575 1113 700 1190 sumptis
714 1133 776 1173 non
790 1115 874 1173 tarda
887 1113 1038 1191 pharetris,

235 1206 338 1265 Media
351 1207 406 1266 fert
420 1208 516 1267 tristes
530 1225 617 1266 sucos
632 1208 806 1283 tardumque
821 1226 955 1284 saporem

234 1298 342 1361 Felicis
356 1299 434 1372 mali,
450 1319 510 1376 quo
525 1319 585 1358 non
600 1299 784 1376 praesentius
798 1299 897 1374 ullum,
933 1343 935 1348 -

233 1393 346 1453 Pocula
360 1394 384 1452 si
399 1394 519 1470 quando
534 1411 640 1453 saevae
654 1394 782 1454 infecere
797 1413 942 1454 novercae

234 1485 477 1562 Miscueruntque
491 1487 598 1546 herbas
613 1496 643 1546 et
656 1506 718 1546 non
732 1485 853 1546 innoxia
866 1488 964 1560 verba,

233 1579 384 1638 Auxilium
397 1579 486 1651 venit,
503 1579 691 1640 ac'membris
706 1580 766 1656 agit
780 1589 842 1639 atra
855 1599 977 1639 venena

233 1673 304 1747 Ipsa
317 1673 421 1749 ingens
435 1674 522 1732 arbos
536 1673 701 1749 faciemque
715 1673 863 1732 simillima
876 1675 966 1746 lauro,

233 1765 279 1837 Et,
296 1765 320 1823 si
335 1783 397 1824 non
411 1766 500 1824 aliurn
514 1767 572 1825 late
585 1767 709 1842 jactaret
723 1766 854 1839 odorem,

233 1859 346 1916 Laurus
361 1870 440 1932 erat3
460 1858 531 1918 folia
544 1860 624 1918 haud
637 1859 704 1918 ullis
718 1859 848 1918 labentia
862 1858 978 1933 ventis;
1028 1881 1033 1891 ’

233 1951 303 2010 Flos
317 1951 355 2010 ad
370 1951 464 2028 prima
477 1963 586 2025 tenax;
606 1952 718 2010 animas
733 1961 763 2010 et
777 1951 887 2012 olentia
901 1951 987 2012 Medi

232 2045 293 2104 Ora
307 2044 409 2104 fovent
422 2043 472 2103 illo
487 2054 517 2103 et
530 2043 649 2103 senibus
663 2043 847 2103 medicantur
861 2044 982 2104 anhelis.

272 2134 331 2196 Sed
346 2156 443 2214 neque
458 2137 617 2196 Medorum
631 2136 731 2210 silvae,
747 2136 891 2196 ditissima
905 2148 987 2210 terra,

231 2232 296 2288 Nec
310 2230 432 2306 pulcher
446 2231 564 2306 Ganges
578 2240 667 2306 atque
682 2248 753 2289 auro
767 2229 900 2289 turbidus
915 2233 1046 2290 Hermus

232 2323 383 2384 Laudibus
398 2323 502 2384 Italiae
516 2334 638 2399 certent,
653 2342 714 2384 non
729 2326 842 2398 Bactra,
858 2331 954 2401 neque
969 2323 1047 2398 Indi,

230 2417 367 2493 Totaque
382 2417 504 2477 turiferis
520 2417 670 2495 Panchaia
682 2417 799 2495 pinguis
814 2416 915 2477 arenis.

230 2510 319 2569 Haec
332 2511 400 2569 loca
412 2528 475 2569 non
489 2509 564 2569 tauri
577 2510 721 2587 spirantes
735 2510 854 2570 naribus
869 2511 966 2587 ignem

230 2605 381 2663 Invertere
395 2603 467 2663 satis
481 2603 617 2663 immanis
631 2604 770 2664 dentibus
786 2604 879 2682 hydri,

207 2714 211 2720 ’
229 2699 295 2757 Nec
309 2698 401 2774 galeis
415 2696 573 2773 densisque
586 2698 681 2756 virum
695 2717 779 2774 seges
794 2697 907 2757 horruit
920 2696 1011 2757 hastis
1022 2720 1032 2773 ;

230 2790 291 2850 Sed
303 2790 441 2867 gravidae
455 2790 551 2867 fruges
566 2790 719 2850 etBacchi
734 2791 882 2850 Massicus
896 2791 1001 2850 humor

229 2884 394 2960 Implevere
406 2906 415 2957 ;
435 2894 537 2944 tenent
550 2885 634 2943 oleae
648 2895 838 2960 armentaque
853 2884 936 2943 laeta

229 2978 313 3037 Hinc
326 2977 451 3036 bellator
465 2994 558 3053 equus
571 2996 678 3053 campo
693 2978 879 3037 sese-arduus
898 2976 1003 3049 in'fert3

229 3069 312 3129 Hinc
326 3069 394 3143 albi,
410 3068 569 3143 Clitumne,
584 3088 686 3146 greges
701 3080 731 3129 et
744 3069 873 3133 maxima
887 3080 985 3128 taurus

227 3162 365 3236 Victima,
381 3182 470 3239 saepe
485 3173 536 3222 tuo
550 3162 659 3240 perfusi
671 3162 792 3221 flumine
808 3181 899 3235 sacro,

227 3258 384 3316 Romanos
398 3257 435 3315 ad
451 3257 562 3332 templa
575 3256 664 3317 deum
679 3256 788 3315 duxere
803 3255 974 3331 triumphos

227 3348 290 3409 Hic
304 3368 355 3409 ver
369 3347 524 3408 adsiduum
539 3359 627 3424 atque
643 3347 745 3407 alienis
759 3346 910 3407 mensibus
925 3359 1042 3423 aestas3

226 3441 276 3501 Bis
290 3442 429 3519 gravidae
442 3442 581 3518 pecudes
597 3440 643 3500 bis
657 3440 755 3517 pomis
768 3440 849 3500 utilis
864 3442 957 3500 arbos.
985 3465 991 3475 ¹
1018 3516 1021 3527 Ι

225 3537 267 3595 At
280 3535 402 3595 rabidae
415 3535 504 3611 tigres
518 3535 625 3593 absunt
639 3544 670 3593 et
683 3553 771 3593 saeva
785 3535 906 3593 leonum

225 3627 354 3701 Semina,
368 3646 424 3687 nec
437 3627 560 3687 miseros
574 3628 680 3686 fallunt
693 3626 811 3686 aconita
825 3628 964 3704 legenteS,

225 3722 255 3779 N
257 3740 291 3779 ec
305 3722 381 3797 rapit
395 3720 556 3779 immensos
570 3720 657 3780 orbes
671 3739 724 3797 per
736 3720 868 3793 humum,
883 3740 981 3797 neque
995 3730 1078 3781 tanto

226 3814 392 3891 Squameus
405 3813 436 3874 in
451 3813 560 3891 spiram
574 3823 668 3873 tractu
681 3832 713 3873 se
727 3812 840 3890 colligit
853 3812 964 3892 anguis.
