3017 4700
582 419 742 470 ssusroos
763 427 821 470 ms.
839 427 867 469 v.
1154 425 1210 487 ²15

238 571 404 651 Ambiguae
418 582 553 650 spectare
566 582 643 632 rates
657 571 796 634 miserum
811 571 887 632 inter
900 589 1030 632 amorem
1175 587 1213 638 ⁶⁵⁵

240 667 406 728 Praesentis
421 678 514 727 terrae
527 667 654 742 satisque
667 665 807 726 vocantia
819 684 926 743 regna:

240 761 341 835 Quum
355 761 412 820 de'a
426 779 460 819 se
472 759 592 836 paribus
606 778 659 836 per
671 760 789 820 coelum
804 757 919 820 sustulit
932 757 987 820 alis

240 857 456 931 Ingentemque
469 853 540 930 fuga
552 851 647 914 secuit
660 853 716 912 sub
730 851 859 912 nubibus
873 870 980 912 areum.

239 949 317 1006 Tum
331 965 402 1006 vero
416 947 561 1006 attonitae
574 944 713 1006 monstris
726 956 869 1022 actaeque
884 946 980 1006 furore

240 1040 445 1112 Conclamant,
461 1039 637 1116 rapiuntque
650 1038 724 1098 focis
737 1038 937 1116 penetralibus
952 1037 1071 1116 ignem3
1176 1057 1215 1100 seo

240 1134 311 1192 Pars
325 1132 454 1209 spoliant
468 1152 542 1205 aras,
557 1132 694 1192 frondem
708 1151 744 1192 ac
757 1131 883 1208 virgulta
896 1133 1035 1208 facesque

240 1225 420 1302 Conjiciunt
463 1225 546 1285 Furit
559 1224 698 1286 immissis
712 1226 864 1286 Vulcanus
877 1224 1002 1286 habenis

240 1320 382 1378 Transtra
395 1337 449 1396 per
462 1330 492 1378 et
506 1335 602 1378 remos
616 1328 647 1378 et
660 1317 756 1395 pictas
770 1317 867 1380 abiete
881 1337 1006 1396 puppes.
1069 1326 1081 1388 ὁ
1132 1342 1136 1352 ·
1171 1331 1195 1374 ll
1211 1367 1215 1382 .

240 1411 370 1472 Nuntius
385 1411 536 1472 Anchisae
550 1413 588 1472 ad
603 1412 748 1472 tumulum
763 1431 934 1489 cuneosque
948 1410 1053 1472 theatri

240 1505 384 1566 Incensas
397 1506 507 1582 perfert
520 1524 611 1565 naves
626 1506 777 1580 Eumelus,
793 1517 822 1568 et
836 1505 892 1582 ipsi
1093 1504 1097 1514 '
1176 1525 1213 1574 sss

240 1597 415 1676 Respiciunt
430 1610 522 1658 atram
536 1597 568 1658 in
581 1598 685 1660 nimbo
698 1599 822 1660 volitare
835 1598 972 1660 favillam

239 1691 354 1751 Primus
368 1703 398 1752 et
411 1692 569 1765 Ascanius,
584 1711 688 1753 cursus
702 1702 735 1752 ut
748 1694 843 1752 laetus
857 1703 1009 1769 equestres

238 1785 385 1859 Ducebat,
401 1784 444 1844 sic
457 1804 526 1845 acer
539 1803 618 1862 equo
632 1787 749 1845 turbata
762 1784 866 1862 petivit
1044 1855 1046 1860 Ι

238 1879 352 1951 Castra,
367 1897 423 1938 nec
437 1877 587 1938 exanimes
600 1889 725 1954 possunt
738 1879 862 1938 retinere
876 1879 1014 1957 magistri.

237 1972 315 2046 Quis
328 1972 408 2030 tirror
421 1970 476 2031 iste
490 1973 606 2030 novus?
646 1971 716 2045 Quo
729 1990 818 2044 nunc,
835 1990 894 2047 quo
909 1973 1038 2050 tenditis,
1053 1973 1158 2053 inquit,
1175 1993 1213 2042 ⁶⁷0
1319 1993 1321 2000 ·

239 2066 312 2125 Heu
325 2063 399 2123 mise
430 2083 449 2122 e
462 2062 563 2124 cives?
603 2065 675 2122 Nou
688 2064 806 2124 hostem
821 2063 999 2142 inimicaque
1014 2078 1110 2130 castra

239 2157 390 2235 Argivum,
404 2121 517 2216 'rieslras
531 2175 599 2233 spes
612 2155 702 2216 uritis.
745 2158 801 2230 En,
817 2175 873 2235 ego
887 2170 983 2221 vester
1073 2185 1075 2190 ·

238 2248 384 2310 Ascanius
394 2253 451 2310 1-
458 2249 574 2328 galeam
587 2250 764 2326 antepedes
777 2248 902 2331 projecit
916 2253 1044 2328 inanem,

239 2344 308 2420 Qua
321 2343 392 2404 ludo
405 2341 525 2403 indutus
540 2341 610 2403 belli
624 2341 780 2404 simulacra
793 2345 897 2407 ciebat.

239 2438 394 2498 Accelerat
407 2437 495 2497 simul
509 2439 638 2510 Aeneas,
653 2436 741 2496 simul
754 2438 873 2515 agmina
887 2442 1045 2503 Teucrum
1039 2496 1067 2545 l

239 2533 297 2591 Ast
310 2530 378 2590 illae
392 2528 510 2589 diversa
522 2539 603 2589 metu
616 2540 670 2606 per
683 2529 769 2591 litora
783 2533 894 2608 passim

238 2622 412 2700 Diffirgiunt,
427 2623 574 2698 silvasque
589 2633 618 2682 et
632 2621 727 2683 sicubi
741 2642 875 2687 concava
888 2626 986 2687 furtim

239 2718 316 2776 Saxa
329 2725 453 2793 petunt;
472 2714 555 2794 piget
567 2715 678 2793 incepti
692 2717 835 2795 lucisque,
851 2738 979 2796 suosque

238 2812 372 2870 Mutatae
387 2819 559 2887 agnoscunt,
574 2828 757 2887 excussaque
770 2823 892 2889 pectore
905 2814 985 2889 Juno
1000 2823 1066 2889 est„

150 2899 154 2923 ¹
239 2899 299 2963 Sed
313 2922 373 2963 non
388 2901 499 2961 idcirco
513 2902 649 2963 flammae
663 2915 753 2981 atque
768 2905 906 2967 incendia
920 2906 996 2966 vires
1052 2902 1056 2913 '

239 2994 404 3056 Indomitas
418 3014 563 3073 posuere;
583 2996 645 3056 udo
659 2999 716 3057 sub
729 3000 836 3059 robore
850 2998 921 3059 vivit

240 3090 354 3166 Stuppa
367 3108 491 3149 vomens
504 3089 620 3149 tardum
634 3090 757 3164 fumum,
773 3092 932 3169 lentusque
945 3089 1060 3153 carinas

240 3184 293 3242 Est
306 3201 406 3260 vapor,
423 3192 453 3243 et
466 3193 531 3242 toto
545 3182 702 3243 descendit
715 3202 840 3261 corpore
854 3186 955 3262 pestis,

222 3264 305 3337 *Nec
319 3276 395 3337 vires
409 3278 532 3337 heroum
546 3277 702 3353 infusaque
715 3277 840 3338 flumina
853 3289 983 3356 prosunt

238 3374 317 3431 Tum
330 3369 396 3448 pius
411 3374 530 3431 Aeneas
542 3370 672 3431 humeris
686 3370 861 3433 abscindere
875 3383 997 3447 vestem,

240 3464 419 3543 Auxilioque
432 3480 539 3525 vocare
553 3465 636 3537 deos,
651 3474 681 3523 et
694 3464 818 3525 tendere
831 3465 964 3543 palmas:

237 3553 373 3637 Juppiter
387 3558 586 3634 omnipotens,
600 3555 625 3616 si
638 3558 775 3617 nondum
790 3528 950 3620 exobulis
964 3578 1056 3622 unum

239 3653 396 3730 Troianos,
411 3650 436 3711 si
449 3650 523 3727 quid
536 3648 632 3727 pietas
646 3648 770 3727 antiqua
783 3652 899 3712 labores

239 3744 375 3821 Respicit
388 3746 542 3816 humanos,
558 3743 598 3802 da
610 3743 761 3804 flammam
775 3746 899 3805 evadere
914 3745 1002 3806 classi

240 3839 338 3913 Nunc,
354 3840 449 3911 Pater,
464 3846 495 3896 et
509 3848 613 3897 tenues
626 3838 776 3898 Teucrum
789 3856 837 3899 res
852 3837 932 3915 eripe
946 3838 1015 3899 leto.
