<?xml version="1.0" encoding="UTF-8"?>
<!DOCTYPE html PUBLIC "-//W3C//DTD XHTML 1.0 Transitional//EN"
    "http://www.w3.org/TR/xhtml1/DTD/xhtml1-transitional.dtd">
<html xmlns="http://www.w3.org/1999/xhtml" xml:lang="en" lang="en">
 <head>
  <title>
</title>
<meta http-equiv="Content-Type" content="text/html;charset=utf-8" />
  <meta name='ocr-system' content='tesseract 3.04.00' />
  <meta name='ocr-capabilities' content='ocr_page ocr_carea ocr_par ocr_line ocrx_word'/>
</head>
<body>
  <div class='ocr_page' id='page_1' title='image "./selectionsfromo01virggoog_0122.png"; bbox 0 0 3017 4700; ppageno 0'>
   <div class='ocr_carea' id='block_1_1' title="bbox 303 383 956 434">
    <p class='ocr_par' dir='ltr' id='par_1_1' title="bbox 303 383 956 434">
     <span class='ocr_line' id='line_1_1' title="bbox 303 383 956 434; baseline 0.003 -2"><span class='ocrx_word' id='word_1_1' title='bbox 303 393 359 433; x_wconf 89' lang='lat'>110</span> <span class='ocrx_word' id='word_1_2' title='bbox 614 390 640 433; x_wconf 80' lang='grc' dir='ltr'>Ρ.</span> <span class='ocrx_word' id='word_1_3' title='bbox 659 388 792 432; x_wconf 83' lang='lat' dir='ltr'>VIRGILII</span> <span class='ocrx_word' id='word_1_4' title='bbox 814 383 956 434; x_wconf 80' lang='lat' dir='ltr'>MARONIS</span> 
     </span>
    </p>
   </div>
   <div class='ocr_carea' id='block_1_2' title="bbox 242 533 1165 3874">
    <p class='ocr_par' dir='ltr' id='par_1_2' title="bbox 293 533 1165 889">
     <span class='ocr_line' id='line_1_2' title="bbox 293 533 1139 612; baseline -0.002 -16"><span class='ocrx_word' id='word_1_5' title='bbox 293 533 434 612; x_wconf 85' lang='lat' dir='ltr'>&#39;Navigiis</span> <span class='ocrx_word' id='word_1_6' title='bbox 447 533 542 612; x_wconf 91' lang='lat' dir='ltr'>pinos,</span> <span class='ocrx_word' id='word_1_7' title='bbox 558 534 695 595; x_wconf 87' lang='lat' dir='ltr'>domibus</span> <span class='ocrx_word' id='word_1_8' title='bbox 710 535 890 612; x_wconf 88' lang='lat' dir='ltr'><strong>cedrumque</strong></span> <span class='ocrx_word' id='word_1_9' title='bbox 905 552 1139 612; x_wconf 88' lang='lat' dir='ltr'>cupressosque;</span> 
     </span>
     <span class='ocr_line' id='line_1_3' title="bbox 299 626 1093 706; baseline -0.003 -18"><span class='ocrx_word' id='word_1_10' title='bbox 299 629 382 688; x_wconf 89' lang='lat' dir='ltr'>Hinc</span> <span class='ocrx_word' id='word_1_11' title='bbox 396 629 493 688; x_wconf 89' lang='lat' dir='ltr'>radios</span> <span class='ocrx_word' id='word_1_12' title='bbox 507 627 611 688; x_wconf 87' lang='lat' dir='ltr'>trivere</span> <span class='ocrx_word' id='word_1_13' title='bbox 624 628 704 702; x_wconf 93' lang='lat' dir='ltr'>rotis,</span> <span class='ocrx_word' id='word_1_14' title='bbox 719 628 790 693; x_wconf 86' lang='lat' dir='ltr'>hinc</span> <span class='ocrx_word' id='word_1_15' title='bbox 804 639 944 706; x_wconf 89' lang='lat' dir='ltr'>tympana</span> <span class='ocrx_word' id='word_1_16' title='bbox 957 626 1093 704; x_wconf 86' lang='lat' dir='ltr'>plaustris</span> 
     </span>
     <span class='ocr_line' id='line_1_4' title="bbox 298 720 1165 806; baseline -0.002 -25"><span class='ocrx_word' id='word_1_17' title='bbox 298 721 463 800; x_wconf 86' lang='lat' dir='ltr'>Agricolae,</span> <span class='ocrx_word' id='word_1_18' title='bbox 479 732 509 782; x_wconf 91' lang='lat' dir='ltr'>et</span> <span class='ocrx_word' id='word_1_19' title='bbox 522 723 637 798; x_wconf 91' lang='lat' dir='ltr'>pandas</span> <span class='ocrx_word' id='word_1_20' title='bbox 651 722 762 781; x_wconf 91' lang='lat' dir='ltr'>ratibus</span> <span class='ocrx_word' id='word_1_21' title='bbox 777 739 901 798; x_wconf 87' lang='lat' dir='ltr'>posuere</span> <span class='ocrx_word' id='word_1_22' title='bbox 916 720 1048 796; x_wconf 73' lang='lat' dir='ltr'>carinas,</span> <span class='ocrx_word' id='word_1_23' title='bbox 1157 788 1165 806; x_wconf 84' lang='lat'><strong>.</strong></span> 
     </span>
     <span class='ocr_line' id='line_1_5' title="bbox 298 814 1018 889; baseline 0.001 -16"><span class='ocrx_word' id='word_1_24' title='bbox 298 814 467 874; x_wconf 80' lang='lat' dir='ltr'>viminibus</span> <span class='ocrx_word' id='word_1_25' title='bbox 481 814 586 874; x_wconf 90' lang='lat' dir='ltr'>salices</span> <span class='ocrx_word' id='word_1_26' title='bbox 600 815 754 889; x_wconf 82' lang='lat' dir='ltr'>fecundae,</span> <span class='ocrx_word' id='word_1_27' title='bbox 770 814 924 874; x_wconf 82' lang='lat' dir='ltr'>frondibus</span> <span class='ocrx_word' id='word_1_28' title='bbox 938 814 1018 888; x_wconf 92' lang='lat' dir='ltr'>ulmi,</span> 
     </span>
    </p>

    <p class='ocr_par' dir='ltr' id='par_1_3' title="bbox 299 906 983 985">
     <span class='ocr_line' id='line_1_6' title="bbox 299 906 983 985; baseline -0.001 -18"><span class='ocrx_word' id='word_1_29' title='bbox 299 911 341 967; x_wconf 91' lang='lat' dir='ltr'>At</span> <span class='ocrx_word' id='word_1_30' title='bbox 355 917 465 985; x_wconf 83' lang='lat' dir='ltr'>myrtus</span> <span class='ocrx_word' id='word_1_31' title='bbox 479 907 583 967; x_wconf 90' lang='lat' dir='ltr'>validis</span> <span class='ocrx_word' id='word_1_32' title='bbox 596 906 750 966; x_wconf 90' lang='lat' dir='ltr'>hastilibus</span> <span class='ocrx_word' id='word_1_33' title='bbox 765 916 795 966; x_wconf 90' lang='lat' dir='ltr'>et</span> <span class='ocrx_word' id='word_1_34' title='bbox 809 907 890 967; x_wconf 92' lang='lat' dir='ltr'>bona</span> <span class='ocrx_word' id='word_1_35' title='bbox 902 908 983 968; x_wconf 93' lang='lat' dir='ltr'>bello</span> 
     </span>
    </p>

    <p class='ocr_par' dir='ltr' id='par_1_4' title="bbox 299 999 1014 1077">
     <span class='ocr_line' id='line_1_7' title="bbox 299 999 1014 1077; baseline -0.001 -15"><span class='ocrx_word' id='word_1_36' title='bbox 299 1003 435 1075; x_wconf 73' lang='lat' dir='ltr'>Cornus,</span> <span class='ocrx_word' id='word_1_37' title='bbox 457 1003 590 1060; x_wconf 90' lang='lat' dir='ltr'>Ituraeos</span> <span class='ocrx_word' id='word_1_38' title='bbox 605 999 664 1060; x_wconf 84' lang='lat' dir='ltr'>taxi</span> <span class='ocrx_word' id='word_1_39' title='bbox 678 1010 853 1077; x_wconf 86' lang='lat' dir='ltr'>torquentur</span> <span class='ocrx_word' id='word_1_40' title='bbox 866 1001 896 1059; x_wconf 92' lang='lat' dir='ltr'>in</span> <span class='ocrx_word' id='word_1_41' title='bbox 911 1019 1014 1076; x_wconf 72' lang='lat' dir='ltr'>arcus,</span> 
     </span>
    </p>

    <p class='ocr_par' dir='ltr' id='par_1_5' title="bbox 298 1093 944 1155">
     <span class='ocr_line' id='line_1_8' title="bbox 298 1093 944 1155; baseline 0 -1"><span class='ocrx_word' id='word_1_42' title='bbox 298 1097 329 1154; x_wconf 97' lang='lat' dir='ltr'>N</span> <span class='ocrx_word' id='word_1_43' title='bbox 331 1114 366 1155; x_wconf 93' lang='lat' dir='ltr'>ec</span> <span class='ocrx_word' id='word_1_44' title='bbox 380 1094 460 1154; x_wconf 90' lang='lat' dir='ltr'>tiliae</span> <span class='ocrx_word' id='word_1_45' title='bbox 474 1094 553 1154; x_wconf 89' lang='lat' dir='ltr'>leves</span> <span class='ocrx_word' id='word_1_46' title='bbox 569 1105 619 1153; x_wconf 91' lang='lat' dir='ltr'>aut</span> <span class='ocrx_word' id='word_1_47' title='bbox 632 1104 719 1154; x_wconf 89' lang='lat' dir='ltr'>torno</span> <span class='ocrx_word' id='word_1_48' title='bbox 733 1093 819 1154; x_wconf 87' lang='lat' dir='ltr'>rasile</span> <span class='ocrx_word' id='word_1_49' title='bbox 832 1096 944 1154; x_wconf 89' lang='lat' dir='ltr'>buxum</span> 
     </span>
    </p>

    <p class='ocr_par' dir='ltr' id='par_1_6' title="bbox 242 1186 1113 1544">
     <span class='ocr_line' id='line_1_9' title="bbox 242 1186 1096 1264; baseline -0.001 -16"><span class='ocrx_word' id='word_1_50' title='bbox 242 1217 246 1221; x_wconf 84' lang='grc'><em>·</em></span> <span class='ocrx_word' id='word_1_51' title='bbox 299 1191 371 1248; x_wconf 93' lang='lat' dir='ltr'>Non</span> <span class='ocrx_word' id='word_1_52' title='bbox 384 1189 508 1248; x_wconf 90' lang='lat' dir='ltr'>formam</span> <span class='ocrx_word' id='word_1_53' title='bbox 523 1186 672 1264; x_wconf 91' lang='lat' dir='ltr'>accipiunt</span> <span class='ocrx_word' id='word_1_54' title='bbox 685 1188 821 1264; x_wconf 88' lang='lat' dir='ltr'>ferroque</span> <span class='ocrx_word' id='word_1_55' title='bbox 835 1198 976 1248; x_wconf 87' lang='lat' dir='ltr'>cavantur</span> <span class='ocrx_word' id='word_1_56' title='bbox 989 1198 1096 1263; x_wconf 89' lang='lat' dir='ltr'>acuto;</span> 
     </span>
     <span class='ocr_line' id='line_1_10' title="bbox 298 1281 1113 1354; baseline -0.001 -12"><span class='ocrx_word' id='word_1_57' title='bbox 298 1284 365 1342; x_wconf 92' lang='lat' dir='ltr'>Nec</span> <span class='ocrx_word' id='word_1_58' title='bbox 379 1301 440 1340; x_wconf 93' lang='lat' dir='ltr'>non</span> <span class='ocrx_word' id='word_1_59' title='bbox 455 1291 485 1340; x_wconf 92' lang='lat' dir='ltr'>et</span> <span class='ocrx_word' id='word_1_60' title='bbox 499 1290 658 1341; x_wconf 88' lang='lat' dir='ltr'>torrentem</span> <span class='ocrx_word' id='word_1_61' title='bbox 672 1282 784 1341; x_wconf 89' lang='lat' dir='ltr'>undam</span> <span class='ocrx_word' id='word_1_62' title='bbox 799 1281 871 1341; x_wconf 90' lang='lat' dir='ltr'>levis</span> <span class='ocrx_word' id='word_1_63' title='bbox 885 1281 998 1340; x_wconf 86' lang='lat' dir='ltr'>innatat</span> <span class='ocrx_word' id='word_1_64' title='bbox 1012 1282 1113 1354; x_wconf 77' lang='lat' dir='ltr'>alnuS,</span> 
     </span>
     <span class='ocr_line' id='line_1_11' title="bbox 298 1373 1092 1452; baseline 0 -18"><span class='ocrx_word' id='word_1_65' title='bbox 298 1373 395 1434; x_wconf 88' lang='lat' dir='ltr'>Missa</span> <span class='ocrx_word' id='word_1_66' title='bbox 409 1374 512 1447; x_wconf 86' lang='lat' dir='ltr'>Pado;</span> <span class='ocrx_word' id='word_1_67' title='bbox 531 1393 587 1434; x_wconf 93' lang='lat' dir='ltr'>nec</span> <span class='ocrx_word' id='word_1_68' title='bbox 601 1392 663 1433; x_wconf 92' lang='lat' dir='ltr'>non</span> <span class='ocrx_word' id='word_1_69' title='bbox 678 1385 708 1434; x_wconf 90' lang='lat' dir='ltr'>et</span> <span class='ocrx_word' id='word_1_70' title='bbox 722 1393 794 1452; x_wconf 90' lang='lat' dir='ltr'>apes</span> <span class='ocrx_word' id='word_1_71' title='bbox 809 1374 945 1434; x_wconf 90' lang='lat' dir='ltr'>examina</span> <span class='ocrx_word' id='word_1_72' title='bbox 958 1375 1092 1434; x_wconf 88' lang='lat' dir='ltr'>condunt</span> 
     </span>
     <span class='ocr_line' id='line_1_12' title="bbox 298 1466 1011 1544; baseline -0.003 -16"><span class='ocrx_word' id='word_1_73' title='bbox 298 1467 525 1543; x_wconf 88' lang='lat' dir='ltr'>Corticibusque</span> <span class='ocrx_word' id='word_1_74' title='bbox 539 1467 618 1526; x_wconf 88' lang='lat' dir='ltr'>cavis</span> <span class='ocrx_word' id='word_1_75' title='bbox 632 1466 815 1544; x_wconf 89' lang='lat' dir='ltr'>vitiosaeque</span> <span class='ocrx_word' id='word_1_76' title='bbox 830 1467 904 1527; x_wconf 89' lang='lat' dir='ltr'>ilicis</span> <span class='ocrx_word' id='word_1_77' title='bbox 919 1469 1011 1527; x_wconf 89' lang='lat' dir='ltr'>alveo.</span> 
     </span>
    </p>

    <p class='ocr_par' dir='ltr' id='par_1_7' title="bbox 298 1560 1145 1918">
     <span class='ocr_line' id='line_1_13' title="bbox 298 1560 1145 1637; baseline -0.002 -17"><span class='ocrx_word' id='word_1_78' title='bbox 298 1560 380 1637; x_wconf 89' lang='lat' dir='ltr'>Quid</span> <span class='ocrx_word' id='word_1_79' title='bbox 394 1560 621 1620; x_wconf 89' lang='lat' dir='ltr'>memorandum</span> <span class='ocrx_word' id='word_1_80' title='bbox 635 1579 730 1637; x_wconf 91' lang='lat' dir='ltr'>aeque</span> <span class='ocrx_word' id='word_1_81' title='bbox 745 1560 892 1620; x_wconf 88' lang='lat' dir='ltr'>Baccheia</span> <span class='ocrx_word' id='word_1_82' title='bbox 905 1563 985 1620; x_wconf 91' lang='lat' dir='ltr'>dona</span> <span class='ocrx_word' id='word_1_83' title='bbox 999 1561 1145 1619; x_wconf 85' lang='lat' dir='ltr'>tulerunt?</span> 
     </span>
     <span class='ocr_line' id='line_1_14' title="bbox 298 1653 1124 1730; baseline -0.001 -17"><span class='ocrx_word' id='word_1_84' title='bbox 298 1654 433 1713; x_wconf 90' lang='lat' dir='ltr'>Bacchus</span> <span class='ocrx_word' id='word_1_85' title='bbox 448 1662 477 1712; x_wconf 92' lang='lat' dir='ltr'>et</span> <span class='ocrx_word' id='word_1_86' title='bbox 491 1653 530 1712; x_wconf 94' lang='lat' dir='ltr'>ad</span> <span class='ocrx_word' id='word_1_87' title='bbox 544 1654 662 1730; x_wconf 89' lang='lat' dir='ltr'>culpam</span> <span class='ocrx_word' id='word_1_88' title='bbox 677 1673 797 1714; x_wconf 89' lang='lat' dir='ltr'>caussas</span> <span class='ocrx_word' id='word_1_89' title='bbox 811 1653 911 1714; x_wconf 87' lang='lat' dir='ltr'>dedit:</span> <span class='ocrx_word' id='word_1_90' title='bbox 932 1653 981 1713; x_wconf 90' lang='lat' dir='ltr'>ille</span> <span class='ocrx_word' id='word_1_91' title='bbox 994 1654 1124 1713; x_wconf 80' lang='lat' dir='ltr'>furentes</span> 
     </span>
     <span class='ocr_line' id='line_1_15' title="bbox 298 1746 1108 1824; baseline -0.002 -16"><span class='ocrx_word' id='word_1_92' title='bbox 298 1748 466 1808; x_wconf 87' lang='lat' dir='ltr'>Centauros</span> <span class='ocrx_word' id='word_1_93' title='bbox 481 1747 541 1805; x_wconf 92' lang='lat' dir='ltr'>leto</span> <span class='ocrx_word' id='word_1_94' title='bbox 556 1746 680 1821; x_wconf 88' lang='lat' dir='ltr'>domuit,</span> <span class='ocrx_word' id='word_1_95' title='bbox 696 1748 907 1824; x_wconf 88' lang='lat' dir='ltr'>Rboetumque</span> <span class='ocrx_word' id='word_1_96' title='bbox 922 1746 1108 1823; x_wconf 89' lang='lat' dir='ltr'>Pholumque</span> 
     </span>
     <span class='ocr_line' id='line_1_16' title="bbox 298 1839 1085 1918; baseline 0 -20"><span class='ocrx_word' id='word_1_97' title='bbox 298 1841 337 1900; x_wconf 91' lang='lat' dir='ltr'>Et</span> <span class='ocrx_word' id='word_1_98' title='bbox 351 1858 460 1916; x_wconf 83' lang='lat' dir='ltr'>magno</span> <span class='ocrx_word' id='word_1_99' title='bbox 476 1841 626 1917; x_wconf 91' lang='lat' dir='ltr'>Hylaeum</span> <span class='ocrx_word' id='word_1_100' title='bbox 640 1840 775 1918; x_wconf 88' lang='lat' dir='ltr'>Lapithis</span> <span class='ocrx_word' id='word_1_101' title='bbox 790 1851 900 1901; x_wconf 90' lang='lat' dir='ltr'>cratere</span> <span class='ocrx_word' id='word_1_102' title='bbox 915 1839 1085 1898; x_wconf 88' lang='lat' dir='ltr'>minantem.</span> 
     </span>
    </p>

    <p class='ocr_par' dir='ltr' id='par_1_8' title="bbox 297 1932 1099 2196">
     <span class='ocr_line' id='line_1_17' title="bbox 338 1932 1070 2009; baseline -0.001 -15"><span class='ocrx_word' id='word_1_103' title='bbox 338 1934 366 1994; x_wconf 96' lang='lat' dir='ltr'>O</span> <span class='ocrx_word' id='word_1_104' title='bbox 381 1933 545 1992; x_wconf 88' lang='lat' dir='ltr'>fortunatos</span> <span class='ocrx_word' id='word_1_105' title='bbox 559 1933 691 2009; x_wconf 91' lang='lat' dir='ltr'>nimium,</span> <span class='ocrx_word' id='word_1_106' title='bbox 707 1933 799 1994; x_wconf 91' lang='lat' dir='ltr'>suasi</span> <span class='ocrx_word' id='word_1_107' title='bbox 813 1935 894 1993; x_wconf 90' lang='lat' dir='ltr'>bona</span> <span class='ocrx_word' id='word_1_108' title='bbox 907 1932 1014 2006; x_wconf 89' lang='lat' dir='ltr'>norint,</span> <span class='ocrx_word' id='word_1_109' title='bbox 1066 1954 1070 1964; x_wconf 90' lang='lat'><em>·</em></span> 
     </span>
     <span class='ocr_line' id='line_1_18' title="bbox 297 2024 1099 2104; baseline -0.002 -18"><span class='ocrx_word' id='word_1_110' title='bbox 297 2025 460 2104; x_wconf 87' lang='lat' dir='ltr'>Agricolas,</span> <span class='ocrx_word' id='word_1_111' title='bbox 476 2026 584 2102; x_wconf 91' lang='lat' dir='ltr'>quibus</span> <span class='ocrx_word' id='word_1_112' title='bbox 598 2026 671 2104; x_wconf 91' lang='lat' dir='ltr'>ipsa,</span> <span class='ocrx_word' id='word_1_113' title='bbox 686 2028 789 2104; x_wconf 89' lang='lat' dir='ltr'>procul</span> <span class='ocrx_word' id='word_1_114' title='bbox 804 2026 989 2088; x_wconf 91' lang='lat' dir='ltr'>discordibus</span> <span class='ocrx_word' id='word_1_115' title='bbox 1003 2024 1099 2099; x_wconf 88' lang='lat' dir='ltr'>armis,</span> 
     </span>
     <span class='ocr_line' id='line_1_19' title="bbox 297 2119 1062 2196; baseline -0.001 -17"><span class='ocrx_word' id='word_1_116' title='bbox 297 2120 409 2179; x_wconf 90' lang='lat' dir='ltr'>Fundit</span> <span class='ocrx_word' id='word_1_117' title='bbox 422 2119 515 2178; x_wconf 88' lang='lat' dir='ltr'>humo</span> <span class='ocrx_word' id='word_1_118' title='bbox 528 2120 646 2180; x_wconf 87' lang='lat' dir='ltr'>facilem</span> <span class='ocrx_word' id='word_1_119' title='bbox 659 2121 771 2180; x_wconf 90' lang='lat' dir='ltr'>victum</span> <span class='ocrx_word' id='word_1_120' title='bbox 783 2119 946 2196; x_wconf 87' lang='lat' dir='ltr'>justissima</span> <span class='ocrx_word' id='word_1_121' title='bbox 959 2119 1062 2178; x_wconf 91' lang='lat' dir='ltr'>tellus!</span> 
     </span>
    </p>

    <p class='ocr_par' dir='ltr' id='par_1_9' title="bbox 296 2211 1045 2571">
     <span class='ocr_line' id='line_1_20' title="bbox 296 2211 1039 2290; baseline -0.004 -17"><span class='ocrx_word' id='word_1_122' title='bbox 296 2211 327 2273; x_wconf 86' lang='lat' dir='ltr'>Si</span> <span class='ocrx_word' id='word_1_123' title='bbox 342 2231 403 2272; x_wconf 92' lang='lat' dir='ltr'>non</span> <span class='ocrx_word' id='word_1_124' title='bbox 418 2212 568 2290; x_wconf 87' lang='lat' dir='ltr'>ingentem</span> <span class='ocrx_word' id='word_1_125' title='bbox 582 2213 694 2273; x_wconf 87' lang='lat' dir='ltr'>foribus</span> <span class='ocrx_word' id='word_1_126' title='bbox 708 2214 817 2273; x_wconf 88' lang='lat' dir='ltr'>domus</span> <span class='ocrx_word' id='word_1_127' title='bbox 827 2215 891 2272; x_wconf 79' lang='lat' dir='ltr'>‘alta</span> <span class='ocrx_word' id='word_1_128' title='bbox 905 2211 1039 2289; x_wconf 91' lang='lat' dir='ltr'>superbis</span> 
     </span>
     <span class='ocr_line' id='line_1_21' title="bbox 297 2305 1045 2379; baseline 0 -14"><span class='ocrx_word' id='word_1_129' title='bbox 297 2307 390 2366; x_wconf 89' lang='lat' dir='ltr'>Mane</span> <span class='ocrx_word' id='word_1_130' title='bbox 405 2306 584 2366; x_wconf 90' lang='lat' dir='ltr'>salutantum</span> <span class='ocrx_word' id='word_1_131' title='bbox 598 2306 668 2367; x_wconf 90' lang='lat' dir='ltr'>totis</span> <span class='ocrx_word' id='word_1_132' title='bbox 681 2305 775 2367; x_wconf 89' lang='lat' dir='ltr'>vomit</span> <span class='ocrx_word' id='word_1_133' title='bbox 789 2305 912 2367; x_wconf 91' lang='lat' dir='ltr'>aedibus</span> <span class='ocrx_word' id='word_1_134' title='bbox 926 2305 1045 2379; x_wconf 87' lang='lat' dir='ltr'>undam,</span> 
     </span>
     <span class='ocr_line' id='line_1_22' title="bbox 297 2399 1023 2477; baseline 0 -18"><span class='ocrx_word' id='word_1_135' title='bbox 297 2400 364 2459; x_wconf 93' lang='lat' dir='ltr'>Nec</span> <span class='ocrx_word' id='word_1_136' title='bbox 377 2399 474 2459; x_wconf 87' lang='lat' dir='ltr'>varios</span> <span class='ocrx_word' id='word_1_137' title='bbox 488 2400 602 2460; x_wconf 91' lang='lat' dir='ltr'>inhiant</span> <span class='ocrx_word' id='word_1_138' title='bbox 616 2401 738 2477; x_wconf 90' lang='lat' dir='ltr'>pulchra</span> <span class='ocrx_word' id='word_1_139' title='bbox 751 2400 899 2460; x_wconf 89' lang='lat' dir='ltr'>testudine</span> <span class='ocrx_word' id='word_1_140' title='bbox 913 2410 1023 2477; x_wconf 85' lang='lat' dir='ltr'>postes,</span> 
     </span>
     <span class='ocr_line' id='line_1_23' title="bbox 297 2493 982 2571; baseline 0.001 -21"><span class='ocrx_word' id='word_1_141' title='bbox 297 2493 464 2569; x_wconf 90' lang='lat' dir='ltr'>Illusasque</span> <span class='ocrx_word' id='word_1_142' title='bbox 478 2511 550 2553; x_wconf 89' lang='lat' dir='ltr'>auro</span> <span class='ocrx_word' id='word_1_143' title='bbox 564 2504 668 2567; x_wconf 90' lang='lat' dir='ltr'>vestes,</span> <span class='ocrx_word' id='word_1_144' title='bbox 685 2493 892 2571; x_wconf 90' lang='lat' dir='ltr'>Ephyreiaque</span> <span class='ocrx_word' id='word_1_145' title='bbox 907 2510 982 2567; x_wconf 85' lang='lat' dir='ltr'>aera,</span> 
     </span>
    </p>

    <p class='ocr_par' dir='ltr' id='par_1_10' title="bbox 298 2586 977 2663">
     <span class='ocr_line' id='line_1_24' title="bbox 298 2586 977 2663; baseline 0.003 -19"><span class='ocrx_word' id='word_1_146' title='bbox 298 2586 379 2645; x_wconf 87' lang='lat' dir='ltr'>Alba</span> <span class='ocrx_word' id='word_1_147' title='bbox 392 2604 489 2662; x_wconf 92' lang='lat' dir='ltr'>neque</span> <span class='ocrx_word' id='word_1_148' title='bbox 504 2587 627 2663; x_wconf 88' lang='lat' dir='ltr'>Assyrio</span> <span class='ocrx_word' id='word_1_149' title='bbox 639 2587 757 2646; x_wconf 83' lang='lat' dir='ltr'>fucatur</span> <span class='ocrx_word' id='word_1_150' title='bbox 770 2588 839 2646; x_wconf 90' lang='lat' dir='ltr'>lana</span> <span class='ocrx_word' id='word_1_151' title='bbox 851 2604 977 2661; x_wconf 90' lang='lat' dir='ltr'>veneno,</span> 
     </span>
    </p>

    <p class='ocr_par' dir='ltr' id='par_1_11' title="bbox 298 2677 970 2757">
     <span class='ocr_line' id='line_1_25' title="bbox 298 2677 970 2757; baseline 0.003 -20"><span class='ocrx_word' id='word_1_152' title='bbox 298 2680 364 2738; x_wconf 90' lang='lat' dir='ltr'>Nec</span> <span class='ocrx_word' id='word_1_153' title='bbox 377 2677 458 2738; x_wconf 90' lang='lat' dir='ltr'>casia</span> <span class='ocrx_word' id='word_1_154' title='bbox 471 2678 574 2756; x_wconf 91' lang='lat' dir='ltr'>liquidi</span> <span class='ocrx_word' id='word_1_155' title='bbox 589 2680 783 2757; x_wconf 90' lang='lat' dir='ltr'>corrumpitur</span> <span class='ocrx_word' id='word_1_156' title='bbox 797 2698 867 2739; x_wconf 90' lang='lat' dir='ltr'>usus</span> <span class='ocrx_word' id='word_1_157' title='bbox 881 2679 970 2739; x_wconf 92' lang='lat' dir='ltr'>olivi:</span> 
     </span>
    </p>

    <p class='ocr_par' dir='ltr' id='par_1_12' title="bbox 297 2772 906 2848">
     <span class='ocr_line' id='line_1_26' title="bbox 297 2772 906 2848; baseline 0.003 -19"><span class='ocrx_word' id='word_1_158' title='bbox 297 2773 339 2829; x_wconf 84' lang='lat' dir='ltr'>At</span> <span class='ocrx_word' id='word_1_159' title='bbox 353 2790 455 2831; x_wconf 88' lang='lat' dir='ltr'>secura</span> <span class='ocrx_word' id='word_1_160' title='bbox 469 2772 552 2848; x_wconf 93' lang='lat' dir='ltr'>quies</span> <span class='ocrx_word' id='word_1_161' title='bbox 567 2783 596 2832; x_wconf 91' lang='lat' dir='ltr'>et</span> <span class='ocrx_word' id='word_1_162' title='bbox 610 2772 710 2832; x_wconf 90' lang='lat' dir='ltr'>nescia</span> <span class='ocrx_word' id='word_1_163' title='bbox 724 2774 823 2833; x_wconf 87' lang='lat' dir='ltr'>fallere</span> <span class='ocrx_word' id='word_1_164' title='bbox 838 2772 906 2847; x_wconf 85' lang='lat' dir='ltr'>vita,</span> 
     </span>
    </p>

    <p class='ocr_par' dir='ltr' id='par_1_13' title="bbox 296 2863 1094 3219">
     <span class='ocr_line' id='line_1_27' title="bbox 298 2863 1094 2941; baseline 0.004 -19"><span class='ocrx_word' id='word_1_165' title='bbox 298 2863 390 2924; x_wconf 88' lang='lat' dir='ltr'>Dives</span> <span class='ocrx_word' id='word_1_166' title='bbox 405 2884 495 2941; x_wconf 92' lang='lat' dir='ltr'>opum</span> <span class='ocrx_word' id='word_1_167' title='bbox 509 2866 662 2940; x_wconf 87' lang='lat' dir='ltr'>variarum,</span> <span class='ocrx_word' id='word_1_168' title='bbox 678 2878 708 2927; x_wconf 91' lang='lat' dir='ltr'>at</span> <span class='ocrx_word' id='word_1_169' title='bbox 722 2866 788 2926; x_wconf 90' lang='lat' dir='ltr'>latis</span> <span class='ocrx_word' id='word_1_170' title='bbox 803 2866 863 2927; x_wconf 93' lang='lat' dir='ltr'>otia</span> <span class='ocrx_word' id='word_1_171' title='bbox 876 2865 983 2940; x_wconf 85' lang='lat' dir='ltr'>fundis,</span> <span class='ocrx_word' id='word_1_172' title='bbox 1093 2872 1094 2875; x_wconf 75' lang='grc'>’</span> 
     </span>
     <span class='ocr_line' id='line_1_28' title="bbox 296 2958 1009 3037; baseline -0.001 -19"><span class='ocrx_word' id='word_1_173' title='bbox 296 2958 472 3034; x_wconf 89' lang='lat' dir='ltr'>Speluncae,</span> <span class='ocrx_word' id='word_1_174' title='bbox 487 2958 605 3036; x_wconf 89' lang='lat' dir='ltr'>vivique</span> <span class='ocrx_word' id='word_1_175' title='bbox 619 2960 709 3033; x_wconf 91' lang='lat' dir='ltr'>lacus,</span> <span class='ocrx_word' id='word_1_176' title='bbox 724 2970 754 3019; x_wconf 90' lang='lat' dir='ltr'>at</span> <span class='ocrx_word' id='word_1_177' title='bbox 769 2959 873 3037; x_wconf 78' lang='lat' dir='ltr'>frigida</span> <span class='ocrx_word' id='word_1_178' title='bbox 886 2962 1009 3037; x_wconf 92' lang='lat' dir='ltr'>Tempe,</span> 
     </span>
     <span class='ocr_line' id='line_1_29' title="bbox 298 3042 1087 3128; baseline 0.003 -20"><span class='ocrx_word' id='word_1_179' title='bbox 298 3051 492 3128; x_wconf 85' lang='lat' dir='ltr'>Mugitusque</span> <span class='ocrx_word' id='word_1_180' title='bbox 505 3053 606 3126; x_wconf 92' lang='lat' dir='ltr'>boum,</span> <span class='ocrx_word' id='word_1_181' title='bbox 622 3042 788 3128; x_wconf 88' lang='lat' dir='ltr'>mollesque</span> <span class='ocrx_word' id='word_1_182' title='bbox 803 3054 856 3112; x_wconf 91' lang='lat' dir='ltr'>snb</span> <span class='ocrx_word' id='word_1_183' title='bbox 872 3054 975 3112; x_wconf 89' lang='lat' dir='ltr'>arbore</span> <span class='ocrx_word' id='word_1_184' title='bbox 990 3050 1087 3111; x_wconf 89' lang='lat' dir='ltr'>somni</span> 
     </span>
     <span class='ocr_line' id='line_1_30' title="bbox 297 3143 996 3219; baseline 0.003 -18"><span class='ocrx_word' id='word_1_185' title='bbox 297 3144 369 3203; x_wconf 91' lang='lat' dir='ltr'>Non</span> <span class='ocrx_word' id='word_1_186' title='bbox 383 3145 510 3219; x_wconf 85' lang='lat' dir='ltr'>absunt;</span> <span class='ocrx_word' id='word_1_187' title='bbox 530 3143 590 3203; x_wconf 89' lang='lat' dir='ltr'>illic</span> <span class='ocrx_word' id='word_1_188' title='bbox 604 3146 695 3204; x_wconf 91' lang='lat' dir='ltr'>saltus</span> <span class='ocrx_word' id='word_1_189' title='bbox 710 3164 744 3204; x_wconf 91' lang='lat' dir='ltr'>ac</span> <span class='ocrx_word' id='word_1_190' title='bbox 759 3147 849 3205; x_wconf 90' lang='lat' dir='ltr'>lustra</span> <span class='ocrx_word' id='word_1_191' title='bbox 862 3146 996 3219; x_wconf 87' lang='lat' dir='ltr'>ferarum,</span> 
     </span>
    </p>

    <p class='ocr_par' dir='ltr' id='par_1_14' title="bbox 295 3236 1097 3501">
     <span class='ocr_line' id='line_1_31' title="bbox 297 3236 1079 3315; baseline 0.003 -20"><span class='ocrx_word' id='word_1_192' title='bbox 297 3237 337 3296; x_wconf 89' lang='lat' dir='ltr'>Et</span> <span class='ocrx_word' id='word_1_193' title='bbox 350 3236 465 3312; x_wconf 90' lang='lat' dir='ltr'>patiens</span> <span class='ocrx_word' id='word_1_194' title='bbox 480 3256 603 3313; x_wconf 88' lang='lat' dir='ltr'>operum</span> <span class='ocrx_word' id='word_1_195' title='bbox 617 3237 783 3314; x_wconf 86' lang='lat' dir='ltr'>exiguoque</span> <span class='ocrx_word' id='word_1_196' title='bbox 798 3239 921 3297; x_wconf 89' lang='lat' dir='ltr'>adsueta</span> <span class='ocrx_word' id='word_1_197' title='bbox 932 3240 1079 3315; x_wconf 87' lang='lat' dir='ltr'>juventus,</span> 
     </span>
     <span class='ocr_line' id='line_1_32' title="bbox 296 3329 1097 3407; baseline 0.004 -18"><span class='ocrx_word' id='word_1_198' title='bbox 296 3330 386 3389; x_wconf 90' lang='lat' dir='ltr'>Sacra</span> <span class='ocrx_word' id='word_1_199' title='bbox 399 3330 497 3403; x_wconf 88' lang='lat' dir='ltr'>deum,</span> <span class='ocrx_word' id='word_1_200' title='bbox 513 3329 668 3406; x_wconf 89' lang='lat' dir='ltr'>sanctique</span> <span class='ocrx_word' id='word_1_201' title='bbox 682 3340 781 3407; x_wconf 92' lang='lat' dir='ltr'>patres</span> <span class='ocrx_word' id='word_1_202' title='bbox 792 3352 800 3405; x_wconf 84' lang='lat'>3</span> <span class='ocrx_word' id='word_1_203' title='bbox 821 3341 952 3391; x_wconf 85' lang='lat' dir='ltr'>extrema</span> <span class='ocrx_word' id='word_1_204' title='bbox 965 3350 1018 3407; x_wconf 93' lang='lat' dir='ltr'>per</span> <span class='ocrx_word' id='word_1_205' title='bbox 1031 3330 1097 3392; x_wconf 85' lang='lat' dir='ltr'>illos</span> 
     </span>
     <span class='ocr_line' id='line_1_33' title="bbox 295 3421 897 3501; baseline 0.003 -20"><span class='ocrx_word' id='word_1_206' title='bbox 295 3421 415 3499; x_wconf 89' lang='lat' dir='ltr'>Justitia</span> <span class='ocrx_word' id='word_1_207' title='bbox 429 3422 576 3481; x_wconf 90' lang='lat' dir='ltr'>excedens</span> <span class='ocrx_word' id='word_1_208' title='bbox 590 3423 672 3482; x_wconf 89' lang='lat' dir='ltr'>terris</span> <span class='ocrx_word' id='word_1_209' title='bbox 685 3422 808 3501; x_wconf 90' lang='lat' dir='ltr'>vestigia</span> <span class='ocrx_word' id='word_1_210' title='bbox 822 3424 897 3485; x_wconf 86' lang='lat' dir='ltr'>fecit.</span> 
     </span>
    </p>

    <p class='ocr_par' dir='ltr' id='par_1_15' title="bbox 296 3514 1062 3874">
     <span class='ocr_line' id='line_1_34' title="bbox 337 3514 1062 3592; baseline 0.006 -18"><span class='ocrx_word' id='word_1_211' title='bbox 337 3517 391 3575; x_wconf 93' lang='lat' dir='ltr'>Me</span> <span class='ocrx_word' id='word_1_212' title='bbox 405 3535 475 3575; x_wconf 91' lang='lat' dir='ltr'>vero</span> <span class='ocrx_word' id='word_1_213' title='bbox 488 3514 616 3592; x_wconf 91' lang='lat' dir='ltr'>primum</span> <span class='ocrx_word' id='word_1_214' title='bbox 631 3516 733 3576; x_wconf 92' lang='lat' dir='ltr'>dulces</span> <span class='ocrx_word' id='word_1_215' title='bbox 748 3528 817 3577; x_wconf 88' lang='lat' dir='ltr'>ante</span> <span class='ocrx_word' id='word_1_216' title='bbox 832 3517 931 3577; x_wconf 89' lang='lat' dir='ltr'>omnia</span> <span class='ocrx_word' id='word_1_217' title='bbox 946 3518 1062 3591; x_wconf 91' lang='lat' dir='ltr'>Musae,</span> 
     </span>
     <span class='ocr_line' id='line_1_35' title="bbox 296 3607 1024 3687; baseline 0.005 -20"><span class='ocrx_word' id='word_1_218' title='bbox 296 3608 431 3684; x_wconf 88' lang='lat' dir='ltr'>Quarum</span> <span class='ocrx_word' id='word_1_219' title='bbox 445 3626 528 3667; x_wconf 90' lang='lat' dir='ltr'>sacra</span> <span class='ocrx_word' id='word_1_220' title='bbox 541 3608 604 3667; x_wconf 86' lang='lat' dir='ltr'>fero</span> <span class='ocrx_word' id='word_1_221' title='bbox 617 3607 730 3687; x_wconf 86' lang='lat' dir='ltr'>ingenti</span> <span class='ocrx_word' id='word_1_222' title='bbox 744 3629 901 3687; x_wconf 91' lang='lat' dir='ltr'>percussus</span> <span class='ocrx_word' id='word_1_223' title='bbox 916 3627 1024 3684; x_wconf 89' lang='lat' dir='ltr'>amore,</span> 
     </span>
     <span class='ocr_line' id='line_1_36' title="bbox 296 3700 1031 3779; baseline 0.004 -18"><span class='ocrx_word' id='word_1_224' title='bbox 296 3700 464 3779; x_wconf 88' lang='lat' dir='ltr'>Accipiant,</span> <span class='ocrx_word' id='word_1_225' title='bbox 479 3700 615 3777; x_wconf 88' lang='lat' dir='ltr'>coelique</span> <span class='ocrx_word' id='word_1_226' title='bbox 629 3703 691 3762; x_wconf 89' lang='lat' dir='ltr'>vias</span> <span class='ocrx_word' id='word_1_227' title='bbox 706 3713 736 3764; x_wconf 89' lang='lat' dir='ltr'>et</span> <span class='ocrx_word' id='word_1_228' title='bbox 750 3703 846 3763; x_wconf 88' lang='lat' dir='ltr'>sidera</span> <span class='ocrx_word' id='word_1_229' title='bbox 860 3714 1031 3778; x_wconf 88' lang='lat' dir='ltr'>monstrent,</span> 
     </span>
     <span class='ocr_line' id='line_1_37' title="bbox 297 3794 949 3874; baseline 0.003 -19"><span class='ocrx_word' id='word_1_230' title='bbox 297 3796 441 3857; x_wconf 82' lang='lat' dir='ltr'>Defectus</span> <span class='ocrx_word' id='word_1_231' title='bbox 454 3794 525 3856; x_wconf 91' lang='lat' dir='ltr'>solis</span> <span class='ocrx_word' id='word_1_232' title='bbox 539 3795 645 3870; x_wconf 89' lang='lat' dir='ltr'>varios,</span> <span class='ocrx_word' id='word_1_233' title='bbox 660 3797 808 3874; x_wconf 91' lang='lat' dir='ltr'>lunaeque</span> <span class='ocrx_word' id='word_1_234' title='bbox 823 3798 949 3872; x_wconf 89' lang='lat' dir='ltr'>labores,</span> 
     </span>
    </p>
   </div>
   <div class='ocr_carea' id='block_1_3' title="bbox 0 0 1514 4700">
    <p class='ocr_par' dir='ltr' id='par_1_16' title="bbox 0 0 1514 4700">
     <span class='ocr_line' id='line_1_38' title="bbox 0 0 1514 4700; baseline 0 0"><span class='ocrx_word' id='word_1_235' title='bbox 0 0 1514 4700; x_wconf 95' lang='lat' dir='ltr'> </span> 
     </span>
    </p>
   </div>
  </div>
 </body>
</html>
