<?xml version="1.0" encoding="UTF-8"?>
<!DOCTYPE html PUBLIC "-//W3C//DTD XHTML 1.0 Transitional//EN"
    "http://www.w3.org/TR/xhtml1/DTD/xhtml1-transitional.dtd">
<html xmlns="http://www.w3.org/1999/xhtml" xml:lang="en" lang="en">
 <head>
  <title>
</title>
<meta http-equiv="Content-Type" content="text/html;charset=utf-8" />
  <meta name='ocr-system' content='tesseract 3.04.00' />
  <meta name='ocr-capabilities' content='ocr_page ocr_carea ocr_par ocr_line ocrx_word'/>
</head>
<body>
  <div class='ocr_page' id='page_1' title='image "./selectionsfromo01virggoog_0118.png"; bbox 0 0 3017 4700; ppageno 0'>
   <div class='ocr_carea' id='block_1_1' title="bbox 300 403 954 461">
    <p class='ocr_par' dir='ltr' id='par_1_1' title="bbox 300 403 954 461">
     <span class='ocr_line' id='line_1_1' title="bbox 300 403 954 461; baseline 0 -3"><span class='ocrx_word' id='word_1_1' title='bbox 300 403 356 460; x_wconf 86' lang='lat'>106</span> <span class='ocrx_word' id='word_1_2' title='bbox 612 416 637 459; x_wconf 77' lang='lat' dir='ltr'>P.</span> <span class='ocrx_word' id='word_1_3' title='bbox 660 415 791 461; x_wconf 75' lang='lat' dir='ltr'>vinoun</span> <span class='ocrx_word' id='word_1_4' title='bbox 813 413 954 458; x_wconf 73' lang='lat' dir='ltr'>lannoius</span> 
     </span>
    </p>
   </div>
   <div class='ocr_carea' id='block_1_2' title="bbox 297 558 1276 3606">
    <p class='ocr_par' dir='ltr' id='par_1_2' title="bbox 297 558 1269 2028">
     <span class='ocr_line' id='line_1_2' title="bbox 298 558 1029 640; baseline -0.003 -21"><span class='ocrx_word' id='word_1_5' title='bbox 298 563 383 620; x_wconf 91' lang='lat' dir='ltr'>Neve</span> <span class='ocrx_word' id='word_1_6' title='bbox 397 561 473 620; x_wconf 90' lang='lat' dir='ltr'>inter</span> <span class='ocrx_word' id='word_1_7' title='bbox 485 559 561 622; x_wconf 89' lang='lat' dir='ltr'>vites</span> <span class='ocrx_word' id='word_1_8' title='bbox 575 560 707 640; x_wconf 89' lang='lat' dir='ltr'>corylum</span> <span class='ocrx_word' id='word_1_9' title='bbox 719 578 804 634; x_wconf 83' lang='lat' dir='ltr'>sere3</span> <span class='ocrx_word' id='word_1_10' title='bbox 824 578 899 618; x_wconf 89' lang='lat' dir='ltr'>neve</span> <span class='ocrx_word' id='word_1_11' title='bbox 913 558 1029 636; x_wconf 88' lang='lat' dir='ltr'>flagella</span> 
     </span>
     <span class='ocr_line' id='line_1_3' title="bbox 299 650 1269 730; baseline 0.001 -17"><span class='ocrx_word' id='word_1_12' title='bbox 299 655 420 713; x_wconf 89' lang='lat' dir='ltr'>Summa</span> <span class='ocrx_word' id='word_1_13' title='bbox 432 663 509 730; x_wconf 88' lang='lat' dir='ltr'>pete,</span> <span class='ocrx_word' id='word_1_14' title='bbox 525 663 575 716; x_wconf 92' lang='lat' dir='ltr'>aut</span> <span class='ocrx_word' id='word_1_15' title='bbox 589 671 704 713; x_wconf 86' lang='lat' dir='ltr'>summa</span> <span class='ocrx_word' id='word_1_16' title='bbox 717 651 849 730; x_wconf 84' lang='lat' dir='ltr'>defringe</span> <span class='ocrx_word' id='word_1_17' title='bbox 863 670 901 711; x_wconf 84' lang='lat' dir='ltr'>ex</span> <span class='ocrx_word' id='word_1_18' title='bbox 914 652 1017 710; x_wconf 90' lang='lat' dir='ltr'>arbore</span> <span class='ocrx_word' id='word_1_19' title='bbox 1031 650 1148 726; x_wconf 87' lang='lat' dir='ltr'>plautas</span> <span class='ocrx_word' id='word_1_20' title='bbox 1159 673 1168 725; x_wconf 77' lang='lat'>3</span> <span class='ocrx_word' id='word_1_21' title='bbox 1231 677 1269 714; x_wconf 75' lang='lat'>³00</span> 
     </span>
     <span class='ocr_line' id='line_1_4' title="bbox 297 744 1042 820; baseline 0 -16"><span class='ocrx_word' id='word_1_22' title='bbox 297 748 412 806; x_wconf 91' lang='lat' dir='ltr'>Tantus</span> <span class='ocrx_word' id='word_1_23' title='bbox 426 764 509 806; x_wconf 90' lang='lat' dir='ltr'>amor</span> <span class='ocrx_word' id='word_1_24' title='bbox 522 756 616 806; x_wconf 88' lang='lat' dir='ltr'>terrae</span> <span class='ocrx_word' id='word_1_25' title='bbox 628 768 638 820; x_wconf 80' lang='lat'>3</span> <span class='ocrx_word' id='word_1_26' title='bbox 658 764 716 804; x_wconf 92' lang='lat' dir='ltr'>neu</span> <span class='ocrx_word' id='word_1_27' title='bbox 730 744 807 805; x_wconf 90' lang='lat' dir='ltr'>ferro</span> <span class='ocrx_word' id='word_1_28' title='bbox 822 744 906 804; x_wconf 90' lang='lat' dir='ltr'>laede</span> <span class='ocrx_word' id='word_1_29' title='bbox 921 753 1042 804; x_wconf 87' lang='lat' dir='ltr'>retunso</span> 
     </span>
     <span class='ocr_line' id='line_1_5' title="bbox 299 837 1054 913; baseline -0.004 -14"><span class='ocrx_word' id='word_1_30' title='bbox 299 838 438 913; x_wconf 84' lang='lat' dir='ltr'>Semina,-</span> <span class='ocrx_word' id='word_1_31' title='bbox 458 857 533 899; x_wconf 91' lang='lat' dir='ltr'>neve</span> <span class='ocrx_word' id='word_1_32' title='bbox 547 839 632 898; x_wconf 89' lang='lat' dir='ltr'>oleae</span> <span class='ocrx_word' id='word_1_33' title='bbox 645 837 789 898; x_wconf 89' lang='lat' dir='ltr'>silvestris</span> <span class='ocrx_word' id='word_1_34' title='bbox 803 837 900 896; x_wconf 88' lang='lat' dir='ltr'>insere</span> <span class='ocrx_word' id='word_1_35' title='bbox 914 847 1054 897; x_wconf 88' lang='lat' dir='ltr'>truncos:</span> 
     </span>
     <span class='ocr_line' id='line_1_6' title="bbox 298 929 1024 1008; baseline 0 -19"><span class='ocrx_word' id='word_1_36' title='bbox 298 933 377 990; x_wconf 92' lang='lat' dir='ltr'>Nam</span> <span class='ocrx_word' id='word_1_37' title='bbox 391 950 481 1007; x_wconf 88' lang='lat' dir='ltr'>saepe</span> <span class='ocrx_word' id='word_1_38' title='bbox 495 931 620 990; x_wconf 88' lang='lat' dir='ltr'>incautis</span> <span class='ocrx_word' id='word_1_39' title='bbox 633 930 802 1007; x_wconf 83' lang='lat' dir='ltr'><strong>pastoribus</strong></span> <span class='ocrx_word' id='word_1_40' title='bbox 816 929 924 988; x_wconf 79' lang='lat' dir='ltr'>excidit</span> <span class='ocrx_word' id='word_1_41' title='bbox 939 929 1024 1008; x_wconf 87' lang='lat' dir='ltr'>ignis,</span> 
     </span>
     <span class='ocr_line' id='line_1_7' title="bbox 298 1023 1049 1102; baseline 0 -19"><span class='ocrx_word' id='word_1_42' title='bbox 298 1024 367 1098; x_wconf 88' lang='lat' dir='ltr'>Qui,</span> <span class='ocrx_word' id='word_1_43' title='bbox 383 1024 482 1084; x_wconf 89' lang='lat' dir='ltr'>furtim</span> <span class='ocrx_word' id='word_1_44' title='bbox 495 1023 598 1102; x_wconf 89' lang='lat' dir='ltr'>pingui</span> <span class='ocrx_word' id='word_1_45' title='bbox 611 1023 738 1100; x_wconf 92' lang='lat' dir='ltr'>primum</span> <span class='ocrx_word' id='word_1_46' title='bbox 752 1023 806 1081; x_wconf 90' lang='lat' dir='ltr'>sub</span> <span class='ocrx_word' id='word_1_47' title='bbox 821 1023 930 1082; x_wconf 88' lang='lat' dir='ltr'>cortice</span> <span class='ocrx_word' id='word_1_48' title='bbox 945 1033 1049 1096; x_wconf 88' lang='lat' dir='ltr'>tectus,</span> 
     </span>
     <span class='ocr_line' id='line_1_8' title="bbox 298 1114 1091 1193; baseline 0.001 -18"><span class='ocrx_word' id='word_1_49' title='bbox 298 1117 420 1176; x_wconf 88' lang='lat' dir='ltr'>Robora</span> <span class='ocrx_word' id='word_1_50' title='bbox 434 1116 629 1193; x_wconf 85' lang='lat' dir='ltr'>comprendit,</span> <span class='ocrx_word' id='word_1_51' title='bbox 645 1114 825 1191; x_wconf 81' lang='lat' dir='ltr'>frondesque</span> <span class='ocrx_word' id='word_1_52' title='bbox 840 1115 957 1192; x_wconf 89' lang='lat' dir='ltr'>elapsus</span> <span class='ocrx_word' id='word_1_53' title='bbox 971 1115 1001 1174; x_wconf 91' lang='lat' dir='ltr'>in</span> <span class='ocrx_word' id='word_1_54' title='bbox 1015 1117 1091 1176; x_wconf 87' lang='lat' dir='ltr'>altas</span> 
     </span>
     <span class='ocr_line' id='line_1_9' title="bbox 299 1207 1042 1287; baseline 0.001 -19"><span class='ocrx_word' id='word_1_55' title='bbox 299 1211 456 1287; x_wconf 88' lang='lat' dir='ltr'>Ingentem</span> <span class='ocrx_word' id='word_1_56' title='bbox 470 1209 556 1268; x_wconf 90' lang='lat' dir='ltr'>coelo</span> <span class='ocrx_word' id='word_1_57' title='bbox 570 1208 700 1268; x_wconf 92' lang='lat' dir='ltr'>sonitum</span> <span class='ocrx_word' id='word_1_58' title='bbox 714 1208 819 1282; x_wconf 73' lang='lat' dir='ltr'>dedit,</span> <span class='ocrx_word' id='word_1_59' title='bbox 838 1207 908 1268; x_wconf 91' lang='lat' dir='ltr'>inde</span> <span class='ocrx_word' id='word_1_60' title='bbox 924 1219 1042 1270; x_wconf 89' lang='lat' dir='ltr'>secutus</span> 
     </span>
     <span class='ocr_line' id='line_1_10' title="bbox 299 1299 1065 1380; baseline 0 -20"><span class='ocrx_word' id='word_1_61' title='bbox 299 1304 356 1360; x_wconf 92' lang='lat' dir='ltr'>Per</span> <span class='ocrx_word' id='word_1_62' title='bbox 370 1321 468 1360; x_wconf 89' lang='lat' dir='ltr'>ramos</span> <span class='ocrx_word' id='word_1_63' title='bbox 482 1299 576 1360; x_wconf 88' lang='lat' dir='ltr'>victor</span> <span class='ocrx_word' id='word_1_64' title='bbox 588 1318 700 1377; x_wconf 85' lang='lat' dir='ltr'>perque</span> <span class='ocrx_word' id='word_1_65' title='bbox 713 1301 774 1360; x_wconf 86' lang='lat' dir='ltr'>alta</span> <span class='ocrx_word' id='word_1_66' title='bbox 787 1301 940 1360; x_wconf 87' lang='lat' dir='ltr'>cacumina</span> <span class='ocrx_word' id='word_1_67' title='bbox 954 1311 1065 1380; x_wconf 89' lang='lat' dir='ltr'>regnat,</span> 
     </span>
     <span class='ocr_line' id='line_1_11' title="bbox 299 1392 1072 1466; baseline 0 -12"><span class='ocrx_word' id='word_1_68' title='bbox 299 1396 337 1454; x_wconf 91' lang='lat' dir='ltr'>Et</span> <span class='ocrx_word' id='word_1_69' title='bbox 352 1404 446 1454; x_wconf 90' lang='lat' dir='ltr'>totum</span> <span class='ocrx_word' id='word_1_70' title='bbox 459 1393 582 1452; x_wconf 91' lang='lat' dir='ltr'>involvit</span> <span class='ocrx_word' id='word_1_71' title='bbox 595 1392 722 1452; x_wconf 87' lang='lat' dir='ltr'>flammis</span> <span class='ocrx_word' id='word_1_72' title='bbox 737 1412 850 1466; x_wconf 88' lang='lat' dir='ltr'>nemus,</span> <span class='ocrx_word' id='word_1_73' title='bbox 865 1403 896 1453; x_wconf 92' lang='lat' dir='ltr'>et</span> <span class='ocrx_word' id='word_1_74' title='bbox 909 1394 966 1453; x_wconf 89' lang='lat' dir='ltr'>ruit</span> <span class='ocrx_word' id='word_1_75' title='bbox 980 1405 1072 1454; x_wconf 87' lang='lat' dir='ltr'>atram</span> 
     </span>
     <span class='ocr_line' id='line_1_12' title="bbox 298 1485 1006 1564; baseline 0 -18"><span class='ocrx_word' id='word_1_76' title='bbox 298 1488 349 1546; x_wconf 91' lang='lat' dir='ltr'>Ad</span> <span class='ocrx_word' id='word_1_77' title='bbox 362 1486 478 1547; x_wconf 89' lang='lat' dir='ltr'>coelum</span> <span class='ocrx_word' id='word_1_78' title='bbox 492 1486 577 1562; x_wconf 88' lang='lat' dir='ltr'>picea</span> <span class='ocrx_word' id='word_1_79' title='bbox 590 1504 706 1546; x_wconf 88' lang='lat' dir='ltr'>crassus</span> <span class='ocrx_word' id='word_1_80' title='bbox 720 1487 846 1564; x_wconf 90' lang='lat' dir='ltr'>caligine</span> <span class='ocrx_word' id='word_1_81' title='bbox 860 1485 978 1560; x_wconf 86' lang='lat' dir='ltr'>nubem,</span> <span class='ocrx_word' id='word_1_82' title='bbox 1002 1501 1006 1508; x_wconf 80' lang='grc'>’</span> 
     </span>
     <span class='ocr_line' id='line_1_13' title="bbox 299 1577 943 1656; baseline 0 -18"><span class='ocrx_word' id='word_1_83' title='bbox 299 1579 476 1638; x_wconf 85' lang='lat' dir='ltr'>Praesertim</span> <span class='ocrx_word' id='word_1_84' title='bbox 490 1579 516 1638; x_wconf 90' lang='lat' dir='ltr'>si</span> <span class='ocrx_word' id='word_1_85' title='bbox 530 1588 693 1656; x_wconf 85' lang='lat' dir='ltr'>tempestas</span> <span class='ocrx_word' id='word_1_86' title='bbox 707 1579 847 1639; x_wconf 86' lang='lat' dir='ltr'>avertice</span> <span class='ocrx_word' id='word_1_87' title='bbox 861 1577 943 1638; x_wconf 90' lang='lat' dir='ltr'>silvis</span> 
     </span>
     <span class='ocr_line' id='line_1_14' title="bbox 299 1671 1054 1750; baseline 0 -18"><span class='ocrx_word' id='word_1_88' title='bbox 299 1672 446 1745; x_wconf 87' lang='lat' dir='ltr'>Incubuit,</span> <span class='ocrx_word' id='word_1_89' title='bbox 461 1672 663 1750; x_wconf 87' lang='lat' dir='ltr'>glomeratque</span> <span class='ocrx_word' id='word_1_90' title='bbox 677 1672 774 1732; x_wconf 89' lang='lat' dir='ltr'>ferens</span> <span class='ocrx_word' id='word_1_91' title='bbox 790 1671 928 1732; x_wconf 89' lang='lat' dir='ltr'>incendia</span> <span class='ocrx_word' id='word_1_92' title='bbox 942 1682 1054 1732; x_wconf 89' lang='lat' dir='ltr'>ventus.</span> 
     </span>
     <span class='ocr_line' id='line_1_15' title="bbox 300 1765 1068 1843; baseline 0.003 -19"><span class='ocrx_word' id='word_1_93' title='bbox 300 1768 371 1824; x_wconf 91' lang='lat' dir='ltr'>Hoc</span> <span class='ocrx_word' id='word_1_94' title='bbox 385 1765 445 1838; x_wconf 92' lang='lat' dir='ltr'>ubi,</span> <span class='ocrx_word' id='word_1_95' title='bbox 461 1785 522 1824; x_wconf 90' lang='lat' dir='ltr'>non</span> <span class='ocrx_word' id='word_1_96' title='bbox 536 1785 555 1824; x_wconf 94' lang='lat' dir='ltr'>a</span> <span class='ocrx_word' id='word_1_97' title='bbox 568 1766 660 1842; x_wconf 89' lang='lat' dir='ltr'>stirpe</span> <span class='ocrx_word' id='word_1_98' title='bbox 673 1766 774 1825; x_wconf 87' lang='lat' dir='ltr'>valent</span> <span class='ocrx_word' id='word_1_99' title='bbox 787 1784 950 1843; x_wconf 86' lang='lat' dir='ltr'>caesaeque</span> <span class='ocrx_word' id='word_1_100' title='bbox 964 1765 1068 1826; x_wconf 85' lang='lat' dir='ltr'>reverti</span> 
     </span>
     <span class='ocr_line' id='line_1_16' title="bbox 300 1858 1028 1934; baseline 0.005 -18"><span class='ocrx_word' id='word_1_101' title='bbox 300 1860 429 1918; x_wconf 90' lang='lat' dir='ltr'>Possunt</span> <span class='ocrx_word' id='word_1_102' title='bbox 442 1867 531 1934; x_wconf 89' lang='lat' dir='ltr'>atque</span> <span class='ocrx_word' id='word_1_103' title='bbox 545 1858 605 1918; x_wconf 85' lang='lat' dir='ltr'>ima</span> <span class='ocrx_word' id='word_1_104' title='bbox 619 1859 729 1918; x_wconf 91' lang='lat' dir='ltr'>similes</span> <span class='ocrx_word' id='word_1_105' title='bbox 740 1858 920 1918; x_wconf 82' lang='lat' dir='ltr'>&#39;revirescere</span> <span class='ocrx_word' id='word_1_106' title='bbox 933 1868 1028 1932; x_wconf 69' lang='lat' dir='ltr'>terra,</span> 
     </span>
     <span class='ocr_line' id='line_1_17' title="bbox 300 1950 904 2028; baseline -0.002 -17"><span class='ocrx_word' id='word_1_107' title='bbox 300 1950 408 2011; x_wconf 86' lang='lat' dir='ltr'>Infelix</span> <span class='ocrx_word' id='word_1_108' title='bbox 422 1961 543 2028; x_wconf 89' lang='lat' dir='ltr'>superat</span> <span class='ocrx_word' id='word_1_109' title='bbox 556 1951 635 2011; x_wconf 90' lang='lat' dir='ltr'>foliis</span> <span class='ocrx_word' id='word_1_110' title='bbox 649 1953 777 2012; x_wconf 90' lang='lat' dir='ltr'>oleaster</span> <span class='ocrx_word' id='word_1_111' title='bbox 790 1951 904 2012; x_wconf 84' lang='lat' dir='ltr'>amaris.</span> 
     </span>
    </p>

    <p class='ocr_par' dir='ltr' id='par_1_3' title="bbox 298 2042 1276 3606">
     <span class='ocr_line' id='line_1_18' title="bbox 340 2042 1168 2122; baseline 0 -20"><span class='ocrx_word' id='word_1_112' title='bbox 340 2046 369 2102; x_wconf 93' lang='lat' dir='ltr'>N</span> <span class='ocrx_word' id='word_1_113' title='bbox 371 2061 405 2102; x_wconf 91' lang='lat' dir='ltr'>ec</span> <span class='ocrx_word' id='word_1_114' title='bbox 420 2043 473 2102; x_wconf 94' lang='lat' dir='ltr'>tibi</span> <span class='ocrx_word' id='word_1_115' title='bbox 488 2054 548 2103; x_wconf 92' lang='lat' dir='ltr'>tam</span> <span class='ocrx_word' id='word_1_116' title='bbox 562 2045 693 2121; x_wconf 86' lang='lat' dir='ltr'>prudens</span> <span class='ocrx_word' id='word_1_117' title='bbox 708 2045 864 2122; x_wconf 88' lang='lat' dir='ltr'>quisquam</span> <span class='ocrx_word' id='word_1_118' title='bbox 877 2042 1053 2121; x_wconf 88' lang='lat' dir='ltr'>persuadeat</span> <span class='ocrx_word' id='word_1_119' title='bbox 1066 2053 1168 2104; x_wconf 88' lang='lat' dir='ltr'>auctor</span> 
     </span>
     <span class='ocr_line' id='line_1_19' title="bbox 299 2135 984 2216; baseline 0.001 -22"><span class='ocrx_word' id='word_1_120' title='bbox 299 2135 451 2194; x_wconf 90' lang='lat' dir='ltr'>Tellurem</span> <span class='ocrx_word' id='word_1_121' title='bbox 466 2138 561 2197; x_wconf 91' lang='lat' dir='ltr'>Borea</span> <span class='ocrx_word' id='word_1_122' title='bbox 574 2136 698 2216; x_wconf 78' lang='lat' dir='ltr'>rigidam</span> <span class='ocrx_word' id='word_1_123' title='bbox 712 2137 843 2214; x_wconf 88' lang='lat' dir='ltr'>spirante</span> <span class='ocrx_word' id='word_1_124' title='bbox 858 2154 984 2196; x_wconf 88' lang='lat' dir='ltr'>movere.</span> 
     </span>
     <span class='ocr_line' id='line_1_20' title="bbox 300 2228 1092 2308; baseline 0.001 -20"><span class='ocrx_word' id='word_1_125' title='bbox 300 2230 384 2288; x_wconf 90' lang='lat' dir='ltr'>Rura</span> <span class='ocrx_word' id='word_1_126' title='bbox 397 2230 466 2307; x_wconf 89' lang='lat' dir='ltr'>gelu</span> <span class='ocrx_word' id='word_1_127' title='bbox 480 2239 551 2290; x_wconf 92' lang='lat' dir='ltr'>tunc</span> <span class='ocrx_word' id='word_1_128' title='bbox 564 2230 676 2290; x_wconf 91' lang='lat' dir='ltr'>claudit</span> <span class='ocrx_word' id='word_1_129' title='bbox 689 2229 794 2303; x_wconf 90' lang='lat' dir='ltr'>hiems,</span> <span class='ocrx_word' id='word_1_130' title='bbox 810 2249 866 2295; x_wconf 86' lang='lat' dir='ltr'>nec</span> <span class='ocrx_word' id='word_1_131' title='bbox 880 2228 993 2292; x_wconf 90' lang='lat' dir='ltr'>semine</span> <span class='ocrx_word' id='word_1_132' title='bbox 1010 2228 1092 2308; x_wconf 88' lang='lat' dir='ltr'>jacto</span> 
     </span>
     <span class='ocr_line' id='line_1_21' title="bbox 300 2322 995 2402; baseline 0.001 -19"><span class='ocrx_word' id='word_1_133' title='bbox 300 2323 479 2385; x_wconf 86' lang='lat' dir='ltr'>Concretam</span> <span class='ocrx_word' id='word_1_134' title='bbox 493 2322 601 2401; x_wconf 86' lang='lat' dir='ltr'>patitur</span> <span class='ocrx_word' id='word_1_135' title='bbox 615 2323 745 2384; x_wconf 88' lang='lat' dir='ltr'>radicem</span> <span class='ocrx_word' id='word_1_136' title='bbox 759 2324 878 2402; x_wconf 86' lang='lat' dir='ltr'>affigere</span> <span class='ocrx_word' id='word_1_137' title='bbox 893 2333 995 2384; x_wconf 90' lang='lat' dir='ltr'>terrae.</span> 
     </span>
     <span class='ocr_line' id='line_1_22' title="bbox 299 2416 962 2493; baseline -0.003 -16"><span class='ocrx_word' id='word_1_138' title='bbox 299 2417 424 2493; x_wconf 90' lang='lat' dir='ltr'>Optima</span> <span class='ocrx_word' id='word_1_139' title='bbox 436 2418 544 2477; x_wconf 86' lang='lat' dir='ltr'>vinetis</span> <span class='ocrx_word' id='word_1_140' title='bbox 558 2416 642 2489; x_wconf 86' lang='lat' dir='ltr'>satio,</span> <span class='ocrx_word' id='word_1_141' title='bbox 658 2436 749 2493; x_wconf 93' lang='lat' dir='ltr'>quum</span> <span class='ocrx_word' id='word_1_142' title='bbox 762 2434 830 2477; x_wconf 91' lang='lat' dir='ltr'>vere</span> <span class='ocrx_word' id='word_1_143' title='bbox 844 2416 962 2476; x_wconf 90' lang='lat' dir='ltr'>rubenti</span> 
     </span>
     <span class='ocr_line' id='line_1_23' title="bbox 300 2508 995 2585; baseline 0 -18"><span class='ocrx_word' id='word_1_144' title='bbox 300 2509 437 2569; x_wconf 89' lang='lat' dir='ltr'>Candida</span> <span class='ocrx_word' id='word_1_145' title='bbox 449 2508 530 2569; x_wconf 90' lang='lat' dir='ltr'>venit</span> <span class='ocrx_word' id='word_1_146' title='bbox 543 2510 606 2569; x_wconf 90' lang='lat' dir='ltr'>avis</span> <span class='ocrx_word' id='word_1_147' title='bbox 620 2509 716 2585; x_wconf 87' lang='lat' dir='ltr'>longis</span> <span class='ocrx_word' id='word_1_148' title='bbox 729 2508 825 2569; x_wconf 90' lang='lat' dir='ltr'>invisa</span> <span class='ocrx_word' id='word_1_149' title='bbox 838 2508 977 2582; x_wconf 90' lang='lat' dir='ltr'>colubris,</span> <span class='ocrx_word' id='word_1_150' title='bbox 993 2556 995 2561; x_wconf 95' lang='lat'><em>.</em></span> 
     </span>
     <span class='ocr_line' id='line_1_24' title="bbox 300 2599 1113 2679; baseline 0.005 -20"><span class='ocrx_word' id='word_1_151' title='bbox 300 2600 399 2660; x_wconf 86' lang='lat' dir='ltr'>Prima</span> <span class='ocrx_word' id='word_1_152' title='bbox 411 2602 460 2659; x_wconf 90' lang='lat' dir='ltr'>vel</span> <span class='ocrx_word' id='word_1_153' title='bbox 474 2602 607 2662; x_wconf 88' lang='lat' dir='ltr'>autumni</span> <span class='ocrx_word' id='word_1_154' title='bbox 620 2600 677 2661; x_wconf 94' lang='lat' dir='ltr'>sub</span> <span class='ocrx_word' id='word_1_155' title='bbox 691 2601 807 2679; x_wconf 87' lang='lat' dir='ltr'>frigora,</span> <span class='ocrx_word' id='word_1_156' title='bbox 822 2620 913 2677; x_wconf 93' lang='lat' dir='ltr'>quum</span> <span class='ocrx_word' id='word_1_157' title='bbox 927 2599 1047 2677; x_wconf 87' lang='lat' dir='ltr'>rapidus</span> <span class='ocrx_word' id='word_1_158' title='bbox 1062 2601 1113 2663; x_wconf 91' lang='lat' dir='ltr'>Sol</span> 
     </span>
     <span class='ocr_line' id='line_1_25' title="bbox 299 2692 1206 2771; baseline 0.007 -20"><span class='ocrx_word' id='word_1_159' title='bbox 299 2693 442 2752; x_wconf 90' lang='lat' dir='ltr'>Nondum</span> <span class='ocrx_word' id='word_1_160' title='bbox 456 2693 584 2753; x_wconf 90' lang='lat' dir='ltr'>hiemem</span> <span class='ocrx_word' id='word_1_161' title='bbox 598 2692 744 2771; x_wconf 92' lang='lat' dir='ltr'>contingit</span> <span class='ocrx_word' id='word_1_162' title='bbox 758 2694 851 2769; x_wconf 89' lang='lat' dir='ltr'>equis,</span> <span class='ocrx_word' id='word_1_163' title='bbox 871 2695 933 2769; x_wconf 89' lang='lat' dir='ltr'>jam</span> <span class='ocrx_word' id='word_1_164' title='bbox 946 2694 1086 2771; x_wconf 88' lang='lat' dir='ltr'>praeterit</span> <span class='ocrx_word' id='word_1_165' title='bbox 1100 2704 1206 2757; x_wconf 72' lang='lat' dir='ltr'>aestas</span> 
     </span>
     <span class='ocr_line' id='line_1_26' title="bbox 298 2786 992 2861; baseline 0.006 -18"><span class='ocrx_word' id='word_1_166' title='bbox 298 2787 360 2844; x_wconf 90' lang='lat' dir='ltr'>Ver</span> <span class='ocrx_word' id='word_1_167' title='bbox 373 2786 450 2846; x_wconf 90' lang='lat' dir='ltr'>adeo</span> <span class='ocrx_word' id='word_1_168' title='bbox 463 2787 561 2846; x_wconf 90' lang='lat' dir='ltr'>frondi</span> <span class='ocrx_word' id='word_1_169' title='bbox 575 2804 737 2859; x_wconf 87' lang='lat' dir='ltr'>nemorum,</span> <span class='ocrx_word' id='word_1_170' title='bbox 752 2805 804 2845; x_wconf 88' lang='lat' dir='ltr'>ver</span> <span class='ocrx_word' id='word_1_171' title='bbox 817 2786 888 2861; x_wconf 82' lang='lat' dir='ltr'>utile</span> <span class='ocrx_word' id='word_1_172' title='bbox 903 2787 992 2861; x_wconf 91' lang='lat' dir='ltr'>silvis,</span> 
     </span>
     <span class='ocr_line' id='line_1_27' title="bbox 299 2879 1090 2958; baseline 0.004 -22"><span class='ocrx_word' id='word_1_173' title='bbox 299 2880 379 2937; x_wconf 91' lang='lat' dir='ltr'>Vere</span> <span class='ocrx_word' id='word_1_174' title='bbox 394 2888 509 2940; x_wconf 89' lang='lat' dir='ltr'>tument</span> <span class='ocrx_word' id='word_1_175' title='bbox 522 2890 617 2939; x_wconf 85' lang='lat' dir='ltr'>terrae</span> <span class='ocrx_word' id='word_1_176' title='bbox 631 2890 662 2939; x_wconf 85' lang='lat' dir='ltr'>et</span> <span class='ocrx_word' id='word_1_177' title='bbox 674 2879 815 2958; x_wconf 90' lang='lat' dir='ltr'>genitalia</span> <span class='ocrx_word' id='word_1_178' title='bbox 829 2881 944 2939; x_wconf 89' lang='lat' dir='ltr'>semina</span> <span class='ocrx_word' id='word_1_179' title='bbox 957 2890 1090 2957; x_wconf 88' lang='lat' dir='ltr'>poscunt</span> 
     </span>
     <span class='ocr_line' id='line_1_28' title="bbox 299 2972 1273 3049; baseline 0.001 -19"><span class='ocrx_word' id='word_1_180' title='bbox 299 2974 377 3030; x_wconf 89' lang='lat' dir='ltr'>Tum</span> <span class='ocrx_word' id='word_1_181' title='bbox 390 2982 474 3048; x_wconf 88' lang='lat' dir='ltr'>pater</span> <span class='ocrx_word' id='word_1_182' title='bbox 487 2972 676 3049; x_wconf 88' lang='lat' dir='ltr'>omnipotens</span> <span class='ocrx_word' id='word_1_183' title='bbox 690 2972 826 3033; x_wconf 89' lang='lat' dir='ltr'>fecundis</span> <span class='ocrx_word' id='word_1_184' title='bbox 840 2973 983 3033; x_wconf 88' lang='lat' dir='ltr'>imbribus</span> <span class='ocrx_word' id='word_1_185' title='bbox 997 2974 1109 3032; x_wconf 88' lang='lat' dir='ltr'>Aether</span> <span class='ocrx_word' id='word_1_186' title='bbox 1236 3004 1273 3043; x_wconf 77' lang='lat'>³2⁵</span> 
     </span>
     <span class='ocr_line' id='line_1_29' title="bbox 300 3064 1097 3143; baseline 0.001 -18"><span class='ocrx_word' id='word_1_187' title='bbox 300 3064 442 3142; x_wconf 86' lang='lat' dir='ltr'>Conjugis</span> <span class='ocrx_word' id='word_1_188' title='bbox 456 3064 487 3124; x_wconf 93' lang='lat' dir='ltr'>in</span> <span class='ocrx_word' id='word_1_189' title='bbox 500 3066 644 3143; x_wconf 88' lang='lat' dir='ltr'>gremium</span> <span class='ocrx_word' id='word_1_190' title='bbox 658 3066 755 3126; x_wconf 88' lang='lat' dir='ltr'>laetae</span> <span class='ocrx_word' id='word_1_191' title='bbox 768 3066 934 3139; x_wconf 89' lang='lat' dir='ltr'>descendit,</span> <span class='ocrx_word' id='word_1_192' title='bbox 950 3076 980 3125; x_wconf 86' lang='lat' dir='ltr'>et</span> <span class='ocrx_word' id='word_1_193' title='bbox 993 3084 1097 3126; x_wconf 91' lang='lat' dir='ltr'>omnes</span> 
     </span>
     <span class='ocr_line' id='line_1_30' title="bbox 300 3156 1064 3236; baseline 0.004 -22"><span class='ocrx_word' id='word_1_194' title='bbox 300 3158 432 3235; x_wconf 88' lang='lat' dir='ltr'>Magnus</span> <span class='ocrx_word' id='word_1_195' title='bbox 443 3156 503 3231; x_wconf 86' lang='lat' dir='ltr'>alit,</span> <span class='ocrx_word' id='word_1_196' title='bbox 518 3176 627 3236; x_wconf 85' lang='lat' dir='ltr'>magno</span> <span class='ocrx_word' id='word_1_197' title='bbox 641 3159 817 3219; x_wconf 88' lang='lat' dir='ltr'>commixtus</span> <span class='ocrx_word' id='word_1_198' title='bbox 830 3178 965 3236; x_wconf 90' lang='lat' dir='ltr'>corpore,</span> <span class='ocrx_word' id='word_1_199' title='bbox 980 3159 1064 3219; x_wconf 85' lang='lat' dir='ltr'>fetus.</span> 
     </span>
     <span class='ocr_line' id='line_1_31' title="bbox 301 3247 1130 3328; baseline 0.007 -24"><span class='ocrx_word' id='word_1_200' title='bbox 301 3247 377 3305; x_wconf 90' lang='lat' dir='ltr'>Avia</span> <span class='ocrx_word' id='word_1_201' title='bbox 391 3257 452 3306; x_wconf 85' lang='lat' dir='ltr'>turn</span> <span class='ocrx_word' id='word_1_202' title='bbox 466 3258 607 3308; x_wconf 90' lang='lat' dir='ltr'>resonant</span> <span class='ocrx_word' id='word_1_203' title='bbox 620 3249 724 3309; x_wconf 88' lang='lat' dir='ltr'>avibus</span> <span class='ocrx_word' id='word_1_204' title='bbox 738 3249 864 3328; x_wconf 85' lang='lat' dir='ltr'>virgulta</span> <span class='ocrx_word' id='word_1_205' title='bbox 878 3249 1004 3323; x_wconf 88' lang='lat' dir='ltr'>canoris,</span> <span class='ocrx_word' id='word_1_206' title='bbox 1021 3308 1028 3323; x_wconf 76' lang='grc'>,</span> <span class='ocrx_word' id='word_1_207' title='bbox 1126 3283 1130 3287; x_wconf 90' lang='lat'><em>-</em></span> 
     </span>
     <span class='ocr_line' id='line_1_32' title="bbox 301 3341 1238 3419; baseline 0.002 -22"><span class='ocrx_word' id='word_1_208' title='bbox 301 3341 340 3398; x_wconf 92' lang='lat' dir='ltr'>Et</span> <span class='ocrx_word' id='word_1_209' title='bbox 353 3341 502 3401; x_wconf 87' lang='lat' dir='ltr'>Venerem</span> <span class='ocrx_word' id='word_1_210' title='bbox 515 3341 603 3401; x_wconf 88' lang='lat' dir='ltr'>certis</span> <span class='ocrx_word' id='word_1_211' title='bbox 616 3352 755 3419; x_wconf 89' lang='lat' dir='ltr'>repetunt</span> <span class='ocrx_word' id='word_1_212' title='bbox 768 3353 902 3403; x_wconf 88' lang='lat' dir='ltr'>armenta</span> <span class='ocrx_word' id='word_1_213' title='bbox 915 3342 1021 3402; x_wconf 89' lang='lat' dir='ltr'>diebus</span> <span class='ocrx_word' id='word_1_214' title='bbox 1032 3364 1041 3416; x_wconf 71' lang='lat'>5</span> <span class='ocrx_word' id='word_1_215' title='bbox 1231 3392 1238 3399; x_wconf 92' lang='lat'><em>.</em></span> 
     </span>
     <span class='ocr_line' id='line_1_33' title="bbox 300 3432 1276 3514; baseline -0.001 -24"><span class='ocrx_word' id='word_1_216' title='bbox 300 3432 428 3494; x_wconf 85' lang='lat' dir='ltr'>Partun&#39;t</span> <span class='ocrx_word' id='word_1_217' title='bbox 441 3434 536 3493; x_wconf 91' lang='lat' dir='ltr'>almus</span> <span class='ocrx_word' id='word_1_218' title='bbox 549 3453 627 3513; x_wconf 89' lang='lat' dir='ltr'>ager,</span> <span class='ocrx_word' id='word_1_219' title='bbox 643 3436 827 3514; x_wconf 89' lang='lat' dir='ltr'>Zephyrique</span> <span class='ocrx_word' id='word_1_220' title='bbox 841 3434 1011 3513; x_wconf 88' lang='lat' dir='ltr'>tepentibus</span> <span class='ocrx_word' id='word_1_221' title='bbox 1025 3434 1103 3494; x_wconf 88' lang='lat' dir='ltr'>auris</span> <span class='ocrx_word' id='word_1_222' title='bbox 1237 3462 1276 3501; x_wconf 75' lang='lat'>³30</span> 
     </span>
     <span class='ocr_line' id='line_1_34' title="bbox 300 3527 1139 3606; baseline 0.002 -22"><span class='ocrx_word' id='word_1_223' title='bbox 300 3528 416 3585; x_wconf 85' lang='lat' dir='ltr'>Laxant</span> <span class='ocrx_word' id='word_1_224' title='bbox 429 3546 499 3586; x_wconf 91' lang='lat' dir='ltr'>arva</span> <span class='ocrx_word' id='word_1_225' title='bbox 514 3527 612 3602; x_wconf 81' lang='lat' dir='ltr'>sinus3</span> <span class='ocrx_word' id='word_1_226' title='bbox 632 3539 750 3606; x_wconf 90' lang='lat' dir='ltr'>superat</span> <span class='ocrx_word' id='word_1_227' title='bbox 764 3538 848 3588; x_wconf 88' lang='lat' dir='ltr'>tener</span> <span class='ocrx_word' id='word_1_228' title='bbox 862 3530 1000 3589; x_wconf 90' lang='lat' dir='ltr'>omnibus</span> <span class='ocrx_word' id='word_1_229' title='bbox 1014 3529 1139 3601; x_wconf 87' lang='lat' dir='ltr'>humor;</span> 
     </span>
    </p>
   </div>
   <div class='ocr_carea' id='block_1_3' title="bbox 206 3622 995 3702">
    <p class='ocr_par' dir='ltr' id='par_1_4' title="bbox 206 3622 995 3702">
     <span class='ocr_line' id='line_1_35' title="bbox 206 3622 995 3702; baseline 0.004 -24"><span class='ocrx_word' id='word_1_230' title='bbox 206 3677 210 3685; x_wconf 84' lang='grc'><em>,</em></span> <span class='ocrx_word' id='word_1_231' title='bbox 301 3622 397 3696; x_wconf 91' lang='lat' dir='ltr'>Inque</span> <span class='ocrx_word' id='word_1_232' title='bbox 412 3638 506 3679; x_wconf 91' lang='lat' dir='ltr'>novos</span> <span class='ocrx_word' id='word_1_233' title='bbox 521 3622 600 3682; x_wconf 90' lang='lat' dir='ltr'>soles</span> <span class='ocrx_word' id='word_1_234' title='bbox 614 3623 725 3683; x_wconf 90' lang='lat' dir='ltr'>audent</span> <span class='ocrx_word' id='word_1_235' title='bbox 738 3642 770 3683; x_wconf 91' lang='lat' dir='ltr'>se</span> <span class='ocrx_word' id='word_1_236' title='bbox 783 3623 918 3702; x_wconf 85' lang='lat' dir='ltr'>gramina</span> <span class='ocrx_word' id='word_1_237' title='bbox 931 3632 995 3682; x_wconf 85' lang='lat' dir='ltr'>tuto</span> 
     </span>
    </p>
   </div>
   <div class='ocr_carea' id='block_1_4' title="bbox 299 3714 1106 3891">
    <p class='ocr_par' dir='ltr' id='par_1_5' title="bbox 299 3714 1106 3891">
     <span class='ocr_line' id='line_1_36' title="bbox 301 3714 1106 3794; baseline 0.002 -21"><span class='ocrx_word' id='word_1_238' title='bbox 301 3714 451 3788; x_wconf 81' lang='lat' dir='ltr'>Credere3</span> <span class='ocrx_word' id='word_1_239' title='bbox 471 3732 527 3775; x_wconf 91' lang='lat' dir='ltr'>nec</span> <span class='ocrx_word' id='word_1_240' title='bbox 540 3715 645 3777; x_wconf 85' lang='lat' dir='ltr'>metuit</span> <span class='ocrx_word' id='word_1_241' title='bbox 658 3717 804 3794; x_wconf 88' lang='lat' dir='ltr'>surgentis</span> <span class='ocrx_word' id='word_1_242' title='bbox 818 3716 976 3793; x_wconf 88' lang='lat' dir='ltr'>pampinus</span> <span class='ocrx_word' id='word_1_243' title='bbox 990 3724 1106 3775; x_wconf 86' lang='lat' dir='ltr'>austros</span> 
     </span>
     <span class='ocr_line' id='line_1_37' title="bbox 299 3808 1052 3891; baseline 0.003 -26"><span class='ocrx_word' id='word_1_244' title='bbox 299 3809 361 3866; x_wconf 93' lang='lat' dir='ltr'>Aut</span> <span class='ocrx_word' id='word_1_245' title='bbox 374 3817 472 3868; x_wconf 88' lang='lat' dir='ltr'>actum</span> <span class='ocrx_word' id='word_1_246' title='bbox 486 3808 573 3871; x_wconf 90' lang='lat' dir='ltr'>coelo</span> <span class='ocrx_word' id='word_1_247' title='bbox 586 3808 701 3887; x_wconf 81' lang='lat' dir='ltr'>magnis</span> <span class='ocrx_word' id='word_1_248' title='bbox 715 3809 905 3891; x_wconf 87' lang='lat' dir='ltr'>aquilonibus</span> <span class='ocrx_word' id='word_1_249' title='bbox 919 3809 1052 3882; x_wconf 90' lang='lat' dir='ltr'>imbrem,</span> 
     </span>
    </p>
   </div>
   <div class='ocr_carea' id='block_1_5' title="bbox 0 0 1518 4700">
    <p class='ocr_par' dir='ltr' id='par_1_6' title="bbox 0 0 1518 4700">
     <span class='ocr_line' id='line_1_38' title="bbox 0 0 1518 4700; baseline 0 0"><span class='ocrx_word' id='word_1_250' title='bbox 0 0 1518 4700; x_wconf 95' lang='lat' dir='ltr'> </span> 
     </span>
    </p>
   </div>
  </div>
 </body>
</html>
