3017 4700
557 439 737 484 GEORGICON
760 440 817 484 Lis.
841 441 860 483 1.

223 588 323 662 Quam
338 585 444 662 quibus
459 584 489 643 in
504 585 628 662 patriam
643 597 766 646 ventosa
779 605 832 663 per
846 604 975 663 aequora
988 584 1080 646 vectis

223 682 336 739 Pontus
351 689 382 738 et
396 678 525 738 ostriferi·
535 680 634 738 fauces
649 689 799 739 tentantur
812 679 919 757 Abydi.

223 773 314 832 Libra
328 772 376 832 die
391 771 547 848 somnique
561 791 646 849 pares
660 753 826 832 ubi'fecerit
840 773 936 847 horas,

223 869 263 926 Et
276 865 407 926 medium
422 864 480 924 luci
495 875 584 941 atque
599 865 709 924 umbris
723 867 786 942 jam
800 864 905 925 dividit
920 866 1031 939 orbem,

223 963 375 1033 Exercete,
391 958 453 1032 viri,
469 968 577 1031 tauros,
594 957 681 1017 serite
695 958 808 1017 hordea
822 959 942 1035 campis,

223 1054 328 1129 Usque
343 1053 398 1112 sub
412 1061 575 1112 extremum
589 1052 711 1109 brumae
726 1050 917 1111 intractabilis
932 1051 1076 1126 imbrem3

223 1148 289 1205 Nec
304 1165 365 1205 non
380 1155 409 1206 et
423 1144 475 1204 lini
490 1154 621 1221 segetem
636 1154 666 1203 et
682 1145 805 1204 Cereale
819 1163 948 1221 papaver

222 1240 356 1316 Tempus
369 1239 461 1298 humo
475 1249 581 1314 tegere,
598 1247 628 1297 et
639 1236 816 1313 jamdudum
830 1237 1000 1297 incumbere
1015 1237 1124 1311 aratris,

223 1334 304 1391 Dum
319 1333 398 1392 sicca
411 1333 513 1392 tellure
526 1331 604 1404 licet,
621 1331 692 1389 dum
707 1329 810 1389 nubila
823 1330 962 1407 pendent.

222 1427 299 1484 Vere
314 1424 389 1484 fabis
404 1425 498 1498 satio;
518 1435 581 1484 trrm
594 1435 624 1484 te
639 1441 767 1499 quoque,
785 1422 915 1496 Medica,
931 1433 1030 1500 putres

223 1517 383 1595 Accipiunt
397 1517 479 1590 sulci,
493 1528 525 1577 et
539 1516 621 1576 milio
634 1516 716 1577 venit
729 1535 829 1575 annua
842 1533 919 1589 cura,

222 1610 376 1671 Candidus
390 1610 497 1670 auratis
512 1610 605 1686 aperit
618 1629 709 1686 quum
724 1607 862 1669 comibus
876 1627 987 1668 annum

221 1706 345 1776 Taurus,
361 1713 391 1763 et
405 1704 528 1763 adverso
542 1705 652 1763 cedens
667 1703 758 1764 Canis
772 1701 882 1762 occidit
897 1712 984 1762 astro.
1076 1697 1077 1701 ’

221 1800 263 1856 At
276 1796 300 1855 si
314 1796 458 1856 triticeam
472 1797 503 1855 in
517 1816 644 1856 messem
658 1798 836 1873 robustaque
850 1796 926 1855 sarra

223 1889 381 1949 Exercebis
395 1890 518 1949 humum
532 1890 662 1966 solisque
677 1888 800 1950 instabis
815 1879 927 1961 aristis,

221 1985 301 2042 Ante
316 1982 369 2042 tibi
385 1985 467 2043 ane
482 1983 650 2043 Atlantides
665 1983 885 2043 abscondantur
954 2016 957 2024 ι

222 2075 394 2151 Gnosiaque
409 2075 538 2136 ardentis
553 2076 680 2136 decedat
694 2077 778 2136 stella
793 2077 938 2148 Coronae,

224 2168 336 2228 Debita
349 2188 439 2245 quam
454 2169 542 2228 sulcis
556 2169 723 2230 committas
738 2168 859 2241 semina,
875 2185 1024 2245 quamque

222 2262 338 2322 Invitae
353 2281 492 2340 properes
506 2262 576 2321 anni
591 2281 674 2339 spem
688 2263 808 2322 credere
822 2272 922 2321 terrae.

223 2356 312 2415 Multi
327 2346 399 2415 ante'
410 2375 548 2415 occasum
564 2358 664 2416 Maiae
678 2375 822 2433 coepere3
843 2357 895 2417 sed
909 2355 975 2416 illos

222 2451 402 2526 Exspectata
416 2468 501 2526 seges
515 2450 599 2509 vanis
613 2450 698 2510 elusit
713 2450 815 2537 aristis.

223 2542 253 2603 Si
267 2562 336 2602 vero
351 2542 516 2619 viciamque
531 2562 609 2603 seres
624 2543 772 2620 vilemque
786 2544 947 2620 phaselum*

221 2638 287 2695 Nec
302 2636 473 2695 Pelusiacae
487 2656 587 2696 curam
601 2638 796 2713 aspernabere
810 2636 906 2709 lentis,

222 2730 314 2789 Haud
329 2729 455 2789 obscura
468 2730 579 2789 cadens
593 2729 690 2790 mittet
704 2729 757 2789 tibi
773 2729 855 2806 signa
870 2732 996 2791 Bootes:

221 2822 335 2900 Incipe,
352 2832 382 2881 et
396 2823 434 2882 ad
448 2821 561 2882 medias
576 2833 738 2883 sementem
753 2824 880 2883 extende
894 2823 1020 2901 pruinas.
1063 2823 1065 2827 ’

261 2915 379 2976 Idcirco
393 2915 479 2975 certis
494 2916 661 2975 dimensum
675 2916 806 2993 partibus
821 2917 923 2977 orbem

221 3011 277 3068 Per
291 3009 431 3068 duodena
443 3009 517 3085 regit
530 3010 634 3069 mundi
648 3011 699 3069 Sol
713 3030 818 3070 aureus
832 3020 916 3069 astra

220 3102 361 3178 Quinque
375 3111 477 3161 tenent
491 3103 609 3162 coelum
624 3122 736 3177 zonae;
753 3122 877 3179 quarum
892 3122 951 3162 una
965 3120 1089 3163 corusco

220 3196 343 3271 Semper
357 3196 419 3255 sole
433 3196 541 3255 rubens
556 3206 586 3256 et
600 3196 710 3255 torrida
724 3214 839 3273 semper
854 3196 891 3255 ab
906 3195 986 3272 igni;

221 3287 320 3362 Quam
336 3286 447 3347 circum
461 3298 608 3348 extremae
623 3290 726 3347 dextra
737 3290 880 3365 laevaque
895 3290 1056 3363 trahuntur,

221 3381 367 3440 Caerulea
380 3380 474 3457 glacie
488 3391 645 3441 concretae
660 3392 748 3457 atque
764 3381 906 3441 imbribus
921 3382 1010 3457 atris;

220 3475 287 3533 Has
301 3473 377 3533 inter
391 3473 577 3549 mediamque
593 3474 670 3534 duae
685 3473 859 3534 mortalibus
875 3474 969 3551 aegris

220 3569 347 3627 Munere
362 3585 523 3627 concessae
537 3567 646 3641 divum,
663 3578 693 3628 et
706 3566 755 3627 via
770 3579 850 3628 secta
865 3588 918 3645 per
932 3569 1043 3643 ambas,

219 3659 367 3735 Obliquus
381 3679 441 3736 qua
455 3680 486 3721 se
501 3659 651 3739 signorum
664 3672 791 3721 verteret
805 3662 887 3721 ordo

220 3753 362 3826 Mundus,
377 3763 410 3812 ut
425 3753 463 3813 ad
479 3752 628 3830 Scythiam
643 3753 854 3831 Rhipaeasque
869 3754 975 3814 arduus
993 3772 1074 3815 arces
1156 3783 1193 3820 ψ

220 3845 388 3923 Consurgit,
403 3846 546 3923 premitur
559 3845 672 3924 Libyae
686 3848 817 3908 devexus
832 3847 863 3906 in
877 3859 998 3908 austros.
