3017 4700
293 408 350 468 174
607 409 633 452 P.
655 408 788 454 vmemn
810 408 953 454 mauoms

290 556 352 616 Dat
369 553 479 631 juveni,
495 562 585 632 atque
598 554 730 615 animum
742 553 894 631 praesenti
907 552 1032 632 pignore
1046 551 1151 614 firmat

290 647 347 706 Ille
360 648 443 721 haec,
458 646 595 725 deposita
608 649 735 708 taudem.
744 646 910 720 formidine,
926 647 1003 706 fatur
1018 669 1024 705 ε

289 742 359 799 Sum
373 739 467 816 patria
481 758 518 799 ex
533 741 645 814 Ithaca,
661 759 764 800 comes
780 739 906 799 infelicis
921 739 1012 812 Ulixi,

289 835 409 892 Nomen
425 833 655 907 Achemenides‚
671 834 792 912 Trojam
805 833 940 910 genitore
954 831 1118 892 Adamasto

290 926 699 1004 Paupere—mausissetque
712 925 826 985 utinam
840 926 956 986 fortuna
967 926 1186 1004 l-prosectus.
1228 943 1265 994 ⁶15

289 1018 423 1093 Hieme,
439 1019 510 1078 dum
524 1018 633 1097 trepidi
647 1017 779 1078 crudelia
793 1017 896 1078 limina
909 1017 1055 1096 linquunt,

289 1114 484 1172 Immemores
497 1112 572 1172 socii
585 1121 671 1172 vasto
686 1111 827 1190 Cyclopis
841 1111 872 1170 in
888 1121 973 1172 antro

288 1206 464 1264 Deseruere.
507 1207 625 1265 Domus
639 1204 722 1264 sanie
736 1203 923 1281 dapibusque
937 1203 1076 1278 cruentis,

288 1299 376 1357 Intus
390 1317 493 1374 opaca,
508 1296 624 1376 ingens.
666 1298 738 1374 Ipse
752 1298 870 1371 arduus,
885 1298 1005 1374 altaque
1018 1297 1117 1375 pulsat

289 1390 393 1450 Sidera
402 1424 444 1434 -
455 1390 505 1464 Di,
518 1390 609 1450 talem
623 1390 711 1450 terris
724 1391 846 1452 avertite
859 1400 976 1468 pestem
987 1395 993 1450 l
1004 1423 1046 1436 -

288 1485 355 1543 Nec
368 1483 435 1543 visu
447 1482 542 1544 facilis
556 1502 613 1543 nec
627 1484 710 1543 dictu
723 1483 850 1544 affabilis
864 1483 924 1543 ulli.

287 1576 460 1635 Visceribus
474 1574 648 1636 miserorum
662 1586 693 1636 et
706 1576 851 1655 sanguine
864 1575 991 1638 vescitur¹
1004 1587 1076 1638 atro.

286 1668 359 1728 Vidi
373 1677 499 1746 egomet,
514 1669 575 1728 duo
589 1669 627 1730 de
640 1688 765 1729 numero
779 1689 870 1747 quum
884 1689 1008 1747 corpora
1021 1679 1125 1731 nostro

288 1763 402 1822 Prensa
414 1781 504 1821 manu
518 1780 626 1840 magna
639 1762 740 1822 medio
753 1762 911 1840 resupinus
924 1761 955 1821 in
969 1773 1056 1824 antro

289 1856 315 1913 F
316 1864 452 1932 tangeret
466 1855 505 1914 ad
518 1874 631 1928 saxum,
646 1855 789 1932 sanieque
803 1874 943 1933 exspersa
956 1864 1094 1916 natarent
1108 1891 1115 1908 ι

288 1946 425 2022 Limina5
444 1947 505 2006 vidi
518 1957 582 2008 atro
597 1966 687 2024 quum
700 1949 833 2008 membra
846 1948 969 2012 fluentia
981 1949 1053 2008 tabo
1184 1941 1185 1948 '

288 2041 457 2114 Manderet‚
473 2050 503 2101 et
511 2041 610 2118 'tepidi
624 2051 785 2101 tremerent
798 2042 853 2102 sub
869 2041 1008 2102 dentibus
1022 2049 1112 2102 artus.

289 2134 383 2194 Haud
397 2134 518 2212 impune
532 2134 672 2210 quidem;
692 2153 749 2194 nec
762 2133 834 2194 talia
847 2153 954 2211 passus
968 2134 1083 2208 Ulixes,

287 2227 445 2288 Oblitusve
459 2227 505 2287 sui
518 2238 565 2288 est
579 2229 701 2288 Ithacus
715 2227 887 2288 discrimine
901 2236 993 2288 tanto.

105 2366 110 2375 .
157 2335 218 2408 2¹⁷¹„
288 2323 368 2381 Nam
381 2321 469 2381 simul
483 2321 618 2398 expletus
631 2321 760 2397 dapibus
770 2320 899 2397 vinoque
913 2320 1047 2399 sepultus

288 2414 442 2475 Cervicem
456 2414 594 2473 inflexam
608 2414 717 2490 posuit,
728 2413 881 2492 jacuitque
895 2432 949 2491 per
961 2424 1077 2475 antrum

289 2509 467 2581 Immensus‚
482 2506 597 2566 saniem
611 2516 749 2565 eructans
763 2515 794 2565 et
807 2506 900 2565 frusta
913 2516 1037 2566 cruento

289 2601 348 2659 Per
360 2618 497 2659 sommun
510 2598 671 2659 commixta
683 2616 776 2672 mero,
791 2616 856 2671 nos,
873 2617 981 2677 magna
995 2597 1110 2677 precati

289 2691 422 2751 Numina
435 2691 590 2767 sortitique
603 2690 693 2764 vices,
707 2690 914 2791 upadupdiqpe
929 2690 1039 2751 circum

290 2785 315 2843 F
316 2784 463 2857 undimnr,
479 2793 511 2842 et
523 2784 585 2859 telo
598 2762 897 2843 lumen.terebrd1irus
912 2794 1008 2859 acute,
1073 2848 1077 2852 ,

290 2879 411 2955 Ingens,
428 2876 508 2953 quod
523 2847 715 2935 idrffl‘solum
729 2876 785 2935 sub
799 2876 895 2935 fronte
909 2878 1029 2951 latebat,

289 2967 422 3046 Argolici
436 2965 525 3044 clipei
539 2976 589 3027 aut
603 2967 763 3027 Phoebeae
777 2966 924 3044 lampadis
938 2967 1040 3043 instar,

291 3062 330 3119 Et
344 3061 465 3120 tandem
480 3060 549 3121 laeti
562 3059 711 3121 sociorum
724 3060 894 3121 ulciscimur
907 3062 1035 3121 umbras.

291 3154 352 3214 Sed
366 3152 466 3232 fugite,
481 3172 501 3213 o
515 3152 622 3227 miseri,
637 3153 738 3232 fugite,
754 3163 844 3231 atque
858 3154 896 3213 ab
911 3154 997 3215 litore
1011 3154 1112 3215 sunem

290 3247 442 3323 Rumpite.
464 3247 488 3309 l.

291 3341 370 3398 Nam
384 3338 480 3415 qualis
493 3349 681 3416 quantusque
695 3358 769 3399 cavo
784 3339 984 3418 Polyphemus
998 3339 1030 3399 in
1043 3349 1130 3401 antro

291 3430 453 3509 Lanigeras
467 3432 578 3492 claudit
590 3432 722 3510 pecudes
735 3442 826 3510 atque
839 3432 932 3493 ubera
945 3441 1068 3510 pressat,

292 3523 422 3583 Centum
435 3523 486 3581 alii
499 3541 588 3583 curva
600 3524 676 3583 haec
689 3523 826 3584 habitant
839 3524 878 3583 ad
893 3523 979 3583 litora
991 3525 1080 3602 vulgo

292 3615 413 3675 Infaudi
427 3616 575 3695 Cyclopes
588 3626 619 3676 et
632 3616 701 3677 altis
714 3617 866 3677 montibus
881 3627 988 3678 errant.

290 3707 392 3769 Tertia
403 3710 466 3787 jam
479 3711 567 3770 lunae
581 3728 614 3769 se
629 3728 740 3770 cornua
752 3708 863 3769 lumine
877 3709 1036 3787 complent,

292 3803 393 3879 Quum
405 3803 497 3864 vitam
510 3802 542 3861 in
555 3802 638 3864 silvis
651 3802 728 3864 inter
741 3803 859 3863 deserta
873 3804 999 3869 ferarum
