3017 4700
302 359 360 412 ²14
451 312 455 321 .
616 355 642 398 u.
661 354 795 401 vntfflth
815 354 959 400 Mauortis

301 496 439 579 Conjicit
455 511 486 562 et
499 499 665 577 faciemque
678 499 756 561 deae
767 511 941 576 vestemque
954 499 1090 576 reponit3

301 593 349 654 Fit
363 595 465 668 Beroe,
482 593 596 653 Ismarii
610 594 720 672 conjux
733 594 879 672 longaeva
894 592 1023 670 Dorycli,

301 685 358 747 Cui
371 706 464 764 genus
478 697 509 748 et
523 687 674 763 quondam
689 705 800 746 nomen
814 685 935 762 natique
950 686 1093 760 fuissent3

301 783 347 839 Ac
362 779 404 839 sic
420 779 625 842 Dardanidum
640 779 770 841 mediam
785 799 817 838 se
832 780 973 838 matribus
987 779 1092 838 infert:

301 872 329 932 Ο
344 872 477 946 miserae,
494 892 567 949 quas
581 891 642 935 non
658 891 771 945 manuS,
787 870 890 947 inquit,
906 871 1038 932 Achaica
1051 872 1133 934 bello

300 965 434 1025 Traxerit
447 967 484 1025 ad
500 966 591 1026 letum
604 965 717 1042 patriae
731 965 787 1024 sub
801 964 976 1044 moenibus!
999 967 1026 1026 Ο
1040 985 1114 1043 gens
1184 1005 1186 1010 ·

299 1059 416 1132 infelix,
431 1058 478 1118 cui
493 1069 523 1118 te
537 1058 627 1118 exitio
643 1061 774 1118 Fortuna
788 1061 936 1118 reservat?

301 1151 433 1228 Septima
446 1163 516 1228 post
528 1152 638 1230 Trojae
652 1149 818 1210 exscidium
829 1151 892 1229 jam
907 1151 1027 1211 vertitur
1040 1162 1144 1225 aestas,

301 1243 401 1317 Quum
415 1243 499 1316 freta,
515 1262 605 1318 quum
620 1252 713 1302 terras
727 1261 845 1318 omnes,
857 1253 903 1302 tot
916 1243 1066 1320 inhospita
1080 1263 1152 1302 saxa

300 1337 461 1413 Sideraque
476 1355 615 1396 emensae
629 1335 757 1409 ferimur,
773 1337 844 1396 dum
858 1356 912 1414 per
925 1356 1005 1396 mare
1019 1355 1159 1414 magnum

300 1429 418 1490 Italiam
432 1429 584 1506 sequimur
597 1430 768 1506 fugientem,
784 1441 813 1491 et
828 1431 972 1490 volvimur
985 1429 1080 1490 undis.

300 1523 362 1582 Hic
377 1521 479 1600 Erycis
492 1523 568 1581 fines
582 1522 709 1596 fiaterni,
724 1534 814 1600 atque
829 1524 939 1600 hospes
954 1527 1098 1584 Acestes:

300 1615 375 1690 Quis
390 1615 528 1693 prohibet
542 1635 641 1674 muros
652 1617 751 1694 jacere
766 1627 795 1677 et
810 1617 879 1677 dare
894 1616 1007 1678 civibus
1021 1617 1145 1684 urbem?

299 1710 327 1769 Ο
343 1709 437 1786 patria
450 1719 481 1768 et
493 1707 569 1784 rapti
585 1709 787 1787 nequidquam
802 1729 838 1769 ex
853 1711 944 1770 hoste.
954 1713 1088 1784 Penates,

300 1803 428 1862 Nullane
441 1802 503 1877 jam
518 1803 628 1878 Troiae
642 1802 777 1862 dicentur
790 1804 928 1864 moenia?
969 1806 1139 1880 Nusquam

301 1898 470 1955 Hectoreos
484 1914 596 1969 amnes,
611 1897 765 1957 Xanthum
780 1907 809 1956 et
824 1895 982 1970 Simoenta,
997 1896 1105 1956 videbo
1115 1899 1133 1958 ἓ·

299 1989 381 2064 Quin
395 1989 473 2065 agite
486 1999 517 2048 et
530 2009 648 2051 mecum
662 1990 805 2050 infaustas
820 1989 930 2051 exurite
944 2009 1067 2066 puppes.

299 2083 378 2142 Nam
393 2081 465 2140 mihi
479 2084 666 2144 Cassandrae
680 2103 734 2161 per
746 2101 886 2143 somnum
899 2081 975 2142 vatis
990 2083 1087 2160 imago

299 2175 449 2235 Ardentes
463 2176 533 2236 dare
547 2177 611 2237 visa
621 2178 723 2238 faces:
744 2177 806 2236 Hic
821 2175 952 2252 quaerite
966 2176 1107 2255 Trojam3

301 2269 363 2330 Hic
378 2269 485 2329 domus
499 2281 552 2343 est,
568 2271 672 2346 inquit,
688 2263 781 2332 v'obis.
824 2273 891 2346 Jam
906 2280 1022 2347 tempus
1036 2269 1083 2348 agi
1097 2288 1152 2343 res,

211 2372 223 2445 ἰ
299 2366 366 2424 Nec
379 2364 469 2424 tantis
484 2384 567 2424 mora
581 2364 731 2441 prodigiis.
775 2366 821 2423 En
836 2374 963 2440 quatuor
976 2383 1043 2425 arae

299 2460 463 2534 Neptuno,
482 2458 558 2517 deus
572 2457 636 2534 ipse
649 2458 730 2517 faces
744 2455 935 2533 animumque
950 2456 1103 2519 ministrat.

299 2552 388 2611 Haec
401 2568 570 2611 memorans
584 2551 679 2626 prima
693 2550 841 2610 infensum
855 2549 884 2609 vi
899 2550 1019 2627 corripit
1033 2549 1140 2627 ignem,
1208 2594 1210 2597 -

299 2644 479 2721 sublataque
493 2643 596 2721 procul
611 2644 714 2703 dextra
727 2641 857 2703 connixa
870 2655 1015 2717 coruscat,

300 2738 339 2796 Et
350 2736 431 2813 jacit
475 2740 616 2796 Arrectae
630 2746 746 2797 mentes
761 2737 984 2813 stupefactaque
999 2738 1090 2799 corda

300 2830 435 2889 Iliadum.
479 2830 541 2891 Hic
556 2848 645 2889 unae
660 2828 768 2902 multis,
785 2847 861 2907 quae
876 2829 1004 2889 maxima
1018 2842 1098 2905 natu,

299 2925 404 3001 Pyrgo,
420 2932 464 2982 tot
478 2921 588 2983 Priami
601 2933 739 2984 natorum
752 2921 833 2999 regia
845 2922 945 2983 nutrix
956 2945 962 2982 :

299 3018 370 3075 Non
386 3017 480 3075 Beroe
495 3017 588 3089 vobis,
603 3036 664 3076 non
679 3016 754 3076 haec
769 3016 925 3090 Rhoeteia,
941 3026 1058 3091 matreS,

290 3111 354 3169 ,Est
368 3110 490 3186 Dorycli
504 3110 633 3189 conjux;
654 3108 746 3170 divini
760 3108 843 3186 signa
858 3109 973 3170 decoris

298 3203 506 3279 Ardentesque
520 3212 623 3263 notate
637 3202 761 3277 oculos,
781 3201 833 3278 qui
847 3200 965 3279 spiritus
979 3201 1029 3276 illi,

299 3294 359 3370 Qui
373 3295 479 3369 vultus,
494 3295 636 3372 vocisque
651 3314 751 3369 sonus,
767 3295 814 3355 vel
828 3314 944 3372 gressus
959 3294 1048 3356 eunti.

299 3391 371 3466 Ipsa
384 3399 502 3466 egomet
516 3388 629 3451 dudum
644 3391 760 3452 Beroen
774 3387 905 3467 digressa
918 3387 1023 3464 reliqui

299 3484 437 3559 Aegram,
452 3480 664 3558 indignantem,
679 3481 731 3541 tali
745 3481 828 3557 quod
842 3482 906 3543 sola
919 3491 1032 3542 careret

299 3577 434 3647 Munere,
450 3594 506 3635 nec
520 3573 640 3637 meritos
654 3574 806 3635 Anchisae
820 3574 939 3635 inferret
953 3574 1091 3635 honores.

299 3670 388 3729 Haec
402 3669 496 3728 effata
513 3726 516 3731 ,
954 3702 958 3711 .
1070 3730 1072 3737 ,
1096 3732 1099 3739 ,
1256 3733 1259 3741 ,

299 3764 342 3822 At
355 3772 463 3822 matres
476 3761 573 3839 primo
586 3759 741 3839 aucipites,
757 3760 911 3837 oculisque
920 3760 1061 3838 malignis
1142 3778 1153 3797 ‘v
1169 3791 1172 3799 ι
1186 3800 1188 3809 ‚
