3017 4700
326 380 383 437 206
641 392 666 434 P.
684 391 818 435 urrann
841 391 983 436 nunonis

326 538 388 598 Hic
399 537 516 618 juvenis
529 539 591 615 jam
604 537 700 598 victor
713 556 807 598 ovans
820 538 943 615 vestigia
955 557 1059 615 presso

325 632 419 691 Haud
434 632 529 691 tenuit
543 631 668 691 titubata
681 632 755 705 solo,
771 631 824 690 sed
837 649 950 708 pronus
963 631 994 690 in
1008 616 1074 708 ipso

326 724 468 786 Concidit
481 724 695 800 immundoque
708 725 780 784 fimo
795 743 938 801 sacroque
952 743 1065 802 cruore,

326 821 397 878 Non
412 827 511 877 tamen
527 817 655 894 Euryali,
671 837 731 876 non
746 817 797 876 ille
812 817 921 876 oblitus
935 836 1088 894 amorum3

326 913 405 971 Nam
419 929 486 972 sese
496 911 641 987 opposuit
654 909 735 970 Salio
749 929 803 987 per
817 910 929 970 lubrica
943 927 1085 990 surgens,
1263 943 1300 982 ³33

326 1005 383 1064 Ille
397 1014 496 1064 autem
511 1003 607 1080 spissa
617 1003 711 1082 jacuit
724 1003 874 1062 revolutus
889 1021 986 1063 arena

325 1097 442 1156 Emicat
457 1097 656 1174 Euryalus„et
669 1115 791 1155 munere
805 1096 900 1156 victor
913 1097 1001 1156 amici

326 1194 426 1254 Prima
440 1202 530 1266 tenet,
545 1195 710 1270 plausuque
723 1193 805 1252 volat
819 1193 995 1270 fremituque
1009 1193 1149 1256 secunde.

326 1291 399 1348 Post
414 1288 562 1365 Helymus
576 1286 672 1366 subit,
680 1296 710 1346 et
723 1305 803 1346 nunc
817 1287 904 1346 tertia
916 1288 1016 1364 palma
1030 1288 1145 1348 Diores
1168 1305 1205 1433 ί

325 1380 389 1440 Hic
402 1390 497 1440 totum
512 1382 620 1439 caveae
635 1397 807 1439 consessum
822 1379 948 1457 ingentis
963 1390 994 1442 et
1007 1399 1059 1440 ora
1073 1375 1168 1436 dnae
1180 1377 1222 1440 ..il
1243 1425 1246 1432 .
1263 1410 1300 1450 34⁰

326 1473 426 1533 Prima
439 1483 557 1550 patrum
570 1472 688 1549 magnis
699 1473 793 1532 Salius
807 1473 985 1533 clamoribus
999 1474 1110 1551 implet,

326 1568 527 1643 Ereptumque
541 1566 614 1625 dolo
628 1566 718 1625 reddi·
726 1565 784 1626 sibi
797 1566 897 1643 poscit
908 1568 1060 1627 honorem.

286 1663 293 1674 ‘
325 1660 452 1718 Tutatur
465 1658 549 1718 favor
563 1659 730 1736 Euryalum,
745 1659 942 1736 lacrimaeque
957 1661 1091 1734 decorae,

316 1751 445 1871 pGratior
457 1762 489 1812 et
501 1750 764 1829 pulchro-veniens
779 1753 948 1831 incorpore
962 1753 1061 1814 virtus
1121 1793 1122 1796 =

325 1845 457 1924 Adjuvat
471 1855 502 1905 et
515 1864 623 1922 magna
635 1847 800 1923 proclamat
814 1865 889 1906 voce
904 1847 1021 1921 Diores,

326 1937 387 2012 Qui
402 1937 491 1998 subiit
504 1939 629 2016 palmae,
645 1939 810 2017 frustraque
825 1938 863 1999 ad
877 1940 1008 2016 praemia
1021 1939 1106 2000 venit

326 2030 449 2105 Ultima,
465 2031 491 2092 si
504 2032 591 2110 primi
605 2033 862 2094 Salioreddantur
875 2033 1011 2094 honores
1026 2054 1036 2107 y

326 2126 403 2184 Tum
417 2136 501 2203 pater
515 2129 641 2200 Aeneas,
657 2128 773 2200 Vestra,
789 2125 894 2204 inquit,
909 2146 1033 2187 munera
1046 2127 1131 2188 vobis

326 2219 416 2279 Certa
428 2231 557 2294 manent,
572 2219 664 2297 pueri,
679 2231 710 2280 et
722 2221 853 2297 paliuam
867 2231 967 2280 movet
981 2220 1208 2295 ordine-nerunt

326 2313 380 2373 Me
394 2312 482 2373 liceat
495 2331 582 2374 casus
595 2312 725 2373 miserari
739 2313 865 2373 insontis
880 2313 975 2375 amici.

325 2405 374 2466 Sic
387 2407 465 2467 fatus
479 2418 592 2485 tergum
607 2401 726 2467 Gaetuli
740 2406 870 2468 immane
885 2408 980 2468 leonis

326 2501 388 2559 Dat
401 2500 489 2574 Salio,
504 2499 581 2560 villis
594 2519 753 2561 onerosum
768 2511 858 2577 atque
872 2500 1020 2579 unguibus
1033 2500 1135 2561 aureis.

326 2594 388 2652 Hic
403 2594 501 2667 Nisus,
518 2593 550 2653 Si
564 2603 655 2668 tanta,
670 2594 774 2670 inquit,
791 2602 859 2654 sunt
872 2593 1004 2669 praemia
1017 2594 1110 2669 victis,

326 2688 365 2745 Et
378 2696 408 2746 te
421 2686 570 2763 lapsorum
583 2687 709 2759 miseret,
725 2704 802 2762 quae
816 2704 940 2746 munera
954 2686 1030 2748 Niso

326 2778 426 2857 Digna
439 2780 532 2854 dabis,
547 2780 671 2857 primam
685 2778 779 2839 merui
794 2779 844 2857 qui
858 2780 945 2841 laude
959 2800 1109 2855 coronam,

325 2872 366 2931 Ni
380 2891 436 2947 me,
453 2892 529 2949 quae
546 2871 664 2946 Salium,
680 2874 929 2935 fortuna-inimica
942 2874 1076 2936 tulisset?

326 2968 365 3025 Et
379 2966 466 3026 simul
481 2966 526 3026 his
540 2966 627 3048 dictis
641 2967 747 3027 faciem
762 2969 931 3040 ostentabat
945 2979 974 3029 et
985 2969 1049 3047 udo

325 3060 438 3136 Turpia
451 3061 583 3126 membra
595 3061 674 3120 fimn.
718 3061 798 3121 Risit
811 3058 1038 3149 paterloptimus
1052 3062 1112 3136 olli,

326 3153 364 3212 Et
378 3151 505 3229 clipeum
519 3131 723 3229 efferri'jussit,
740 3140 938 3233 Didymaonis
953 3165 1037 3229 artes,

325 3245 459 3323 Neptuni
473 3265 556 3306 sacro
571 3246 685 3307 Danais
699 3248 737 3306 d'e
750 3258 839 3325 poste
853 3249 984 3307 refixum.

326 3341 398 3399 Hoc
409 3340 549 3416 juvenem
563 3339 711 3417 egregium
724 3341 887 3418 praestanti
901 3360 1023 3401 munere
1037 3341 1137 3419 donat
1165 3414 1168 3421 Ι

309 3411 328 3495 l
365 3434 445 3506 Post,
460 3432 512 3493 ubi
525 3433 654 3531 consecp’
667 3453 780 3529 cuqsus,
795 3420 922 3512 endona'
933 3433 1063 3511 peregit:

325 3527 423 3599 Nunc,
438 3526 465 3585 si
478 3501 526 3585 cui
539 3525 632 3587 virtus
644 3526 821 3603 animusque
836 3527 866 3586 in
880 3516 1002 3604 pectore
1016 3545 1166 3605 praesens,

324 3618 420 3692 Adsit,
437 3628 466 3679 et
480 3618 604 3679 evinctis
617 3620 734 3680 attollat
747 3619 869 3680 brachia
881 3620 995 3697 palmis

240 3754 244 3761 .
326 3711 375 3771 Sic
389 3712 429 3771 ait
442 3723 472 3771 et
485 3713 635 3789 geminum
649 3732 766 3789 pugnae
780 3713 920 3790 proponit
933 3713 1085 3789 honorem,

273 3851 275 3857 ,
323 3804 437 3865 Victori
450 3806 578 3865 velatum
593 3823 665 3865 arno
678 3804 818 3882 vittisque
828 3806 998 3886 juvencum,
