3017 4700
307 419 346 490 4⁶
641 430 667 474 Ρ.
690 429 791 474 ovron
811 429 946 478 nasorus

308 575 526 637 Conscendunt
539 576 570 634 in
584 593 687 652 equos,
702 576 854 654 Tyrioque
867 576 1004 636 rubentia
1017 595 1091 636 suco

285 745 295 756 .
308 673 407 750 Terga
419 679 559 748 premunt
572 688 703 746 auroque
716 688 822 748 graves
834 670 1025 729 moderantur
1038 670 1179 732 habenas

309 767 336 824 E
349 764 458 842 quibus
472 766 618 838 Ismenos,
634 764 685 840 qui
699 763 786 822 matri
799 763 916 829 sarcina
929 763 1082 839 quondam

308 859 407 934 Prima
421 875 492 918 suae
506 858 609 931 suerat,
624 857 696 916 drun
710 866 823 916 certum
837 856 929 916 flectit
942 857 974 916 in
988 858 1092 916 orbem
1243 880 1280 920 τις

308 951 520 1028 Quadrupedis
533 969 637 1011 cursus
651 949 879 1027 spumantiaque
892 969 944 1010 ora
957 953 1084 1024 coiircet,

309 1044 372 1103 Hei
386 1043 475 1103 milri!
497 1044 664 1104 conclamat
677 1040 838 1118 medioque
851 1043 884 1102 in
896 1053 1018 1120 pectore
1032 1045 1109 1104 fixus

307 1137 384 1196 Tela
396 1138 479 1215 gerit,
494 1137 644 1213 frenisque
658 1155 748 1196 manu
762 1136 909 1197 moriente
921 1137 1052 1198 remissis

308 1231 347 1289 In
360 1229 438 1289 latus
452 1249 470 1288 a
483 1230 588 1290 dextro
602 1229 755 1306 paullatim
769 1229 873 1290 defluit
886 1249 977 1290 armo.

308 1322 473 1396 Proximus,
488 1321 589 1382 audito
603 1322 703 1382 sonitu
716 1340 771 1398 per
783 1321 872 1382 inane
884 1324 1050 1400 pharetrae,
1244 1349 1282 1388 2³0

307 1417 406 1484 Frena
419 1414 510 1474 dabat
526 1415 653 1493 Sipylus,
668 1414 761 1474 veluti
774 1434 866 1492 quum
880 1416 1032 1492 praescius
1045 1416 1149 1478 imbris

307 1509 397 1568 Nube
411 1508 484 1586 fugit
497 1508 562 1568 visa
574 1508 796 1585 pendentiaque
810 1509 943 1586 undique
957 1519 1056 1570 rector

307 1602 441 1663 Carbasa
455 1600 585 1675 deducit,
601 1620 640 1660 ne
654 1619 713 1678 qua
726 1602 801 1662 levis
814 1603 914 1662 effluat
927 1622 1006 1664 aura

307 1699 404 1757 Frena
418 1706 519 1755 tamen
533 1695 655 1756 dantem
669 1714 730 1756 non
745 1696 883 1756 evitabile
896 1696 990 1756 telum

307 1789 518 1866 Consequitur,
534 1807 708 1866 summaque
722 1799 853 1850 tremens
867 1790 983 1849 cervice
997 1789 1105 1868 sagitta
1159 1823 1163 1829 ⁴
1245 1813 1281 1852 ης

308 1882 425 1956 Haesit,
440 1891 471 1942 et
484 1883 621 1945 exstabat
634 1883 747 1943 nudum
761 1883 801 1942 de
813 1893 929 1961 gutture
943 1883 1062 1942 ferrum.

308 1977 373 2049 Ille,
388 1984 421 2034 ut
435 1985 498 2035 erat
511 1995 631 2053 pronus,
646 1995 700 2053 per
713 1976 792 2036 colla
804 1976 936 2036 admissa
954 1977 1103 2054 jubasque

307 2068 451 2143 Volvitur,
467 2079 498 2128 et
512 2069 609 2130 calido
624 2069 759 2129 tellurem
773 2056 917 2145 sanguine
930 2068 1038 2130 foedat

308 2160 490 2222 Phaedimus
503 2162 605 2222 infelix
618 2171 648 2222 et
661 2161 731 2225 aviti
746 2162 877 2222 nominis
890 2162 978 2222 heres

306 2253 461 2329 Tantalus,
477 2265 509 2315 ut
523 2255 612 2316 solito
626 2256 716 2316 finem
731 2255 901 2331 imposuere
914 2255 1018 2327 labori,
1244 2281 1283 2319 ψ

306 2348 500 2409 Transierant
514 2349 552 2409 ad
566 2369 642 2427 opus
656 2348 769 2409 nitidae
780 2347 912 2427 juvenile
925 2348 1111 2425 palaestrae;

308 2443 348 2500 Et
365 2443 429 2519 jam
442 2444 631 2503 contulerant
644 2452 708 2503 arto
722 2440 866 2501 luctantia
878 2459 957 2501 nexu

308 2536 434 2593 Pectora
448 2534 626 2611 pectoribus,
642 2552 734 2610 quum
748 2542 832 2593 tento
846 2532 964 2595 concita
977 2552 1078 2609 nervo,

310 2626 393 2686 Sicut
407 2636 492 2686 erant
509 2626 613 2705 juncti,
628 2625 743 2705 trajecit
757 2634 914 2702 utrumque
927 2626 1043 2705 sagitta
1134 2676 1136 2681 .

309 2722 487 2797 Ingemuere
502 2719 598 2793 simul,
615 2719 702 2779 simul
716 2718 869 2779 incurvata
882 2719 985 2779 dolore

309 2813 449 2873 Membra
463 2812 528 2871 solo
542 2830 677 2888 posuere,
692 2812 781 2871 simul
794 2830 933 2889 suprema
949 2812 1085 2889 jacentes

221 2918 223 2925 '
251 2946 254 2959 ·
308 2904 438 2965 Lumina
450 2914 615 2977 versarunt,
630 2904 761 2963 animam
774 2904 862 2963 simul
876 2905 1058 2965 exhalarunt
1083 2895 1092 2905 ”

310 2999 449 3076 Adspicit
463 2998 619 3076 Alphenor
633 2997 802 3074 laniataque
815 3008 936 3074 pectora
948 2998 1096 3076 plangens

309 3092 450 3167 Advolat,
465 3102 498 3153 ut
510 3091 627 3170 gelidos
642 3090 846 3167 complexibus
859 3092 967 3151 allevet
980 3101 1070 3165 artus,

311 3188 408 3262 Inque
422 3186 472 3262 pio
486 3184 567 3245 cadit
580 3184 697 3245 officio:
718 3202 788 3243 nam
802 3184 907 3243 Delius
921 3185 964 3243 illi

310 3279 422 3340 Intima
435 3278 551 3339 fatifero
564 3278 644 3355 rupit
657 3276 832 3355 praecordia
844 3276 940 3349 serr03

310 3372 402 3445 Quod
417 3371 504 3431 simul
518 3371 659 3431 eductum
673 3378 728 3443 est,
743 3387 812 3446 pars
825 3378 871 3429 est
883 3366 1035 3445 pulmonis
1048 3367 1080 3427 in
1093 3367 1190 3429 hamis

311 3467 411 3539 Eruta,
427 3481 555 3540 cumque
569 3462 668 3523 anima
681 3480 767 3523 cruor
780 3471 827 3521 est
840 3462 951 3521 effusus
964 3461 996 3519 in
1009 3479 1103 3521 auras.

309 3560 352 3617 At
366 3576 426 3617 non
441 3557 594 3617 intonsum
608 3554 734 3632 simplex
749 3554 1005 3615 Damasichthona
1017 3554 1124 3615 vulnus

312 3651 431 3718 Afficit:
450 3650 526 3710 ictus
540 3658 612 3723 erat,
628 3666 688 3725 qua
700 3666 768 3708 crus
780 3666 848 3707 esse
857 3646 967 3723 ,incipit
979 3655 1010 3705 et
1023 3664 1083 3721 qua
1248 3671 1285 3709 2⁵⁵

312 3744 419 3805 Mollia
432 3743 565 3803 nodosus
579 3741 650 3801 facit
664 3741 833 3800 internodia
845 3740 961 3817 poples,

312 3839 452 3914 Dumque
466 3855 557 3897 manu
570 3844 666 3900 tentat
680 3835 795 3895 trahere
808 3832 958 3919 exitiabile
972 3832 1073 3905 telum,
