3017 4700
294 373 349 414 202
370 424 374 430 ,
462 365 466 372 ·
605 369 631 418 r.
651 367 784 442 virumn
804 367 947 414 nunonis

294 518 382 574 Parte
395 513 494 592 prior3
513 524 627 591 partem
640 523 734 574 rostro
748 513 861 590 premit·
869 513 985 574 aeuurla
998 512 1108 576 Pristis.

291 610 333 668 At
347 606 447 667 media
459 605 558 680 socios
572 606 714 667 incedens
727 625 804 667 nave
818 625 871 682 per
883 606 964 682 ipsos

292 702 438 759 Hortatur
452 699 648 760 Mnestheus:
668 701 766 773 Nunc,
782 718 861 758 nunc
874 698 1014 776 insurgite
1027 699 1123 774 remis

292 791 437 853 Hectorei
451 790 533 866 socii,
548 793 657 871 Trojae
670 811 750 868 quos.
762 803 841 852 sorte
855 811 994 868 suprema
1223 821 1260 858 ιφ

292 885 399 963 Delegi
412 886 537 946 comites
543 885 557 960 ς
576 904 656 944 nunc
670 885 737 944 illas
750 884 877 961 promite
892 885 977 960 vires,

292 982 381 1039 Nunc
395 977 519 1052 animos,
534 978 643 1054 quibus
656 977 693 1036 in
702 977 837 1038 Gaetulis
851 979 984 1056 Syrtibus
998 979 1044 1038 usi

292 1071 440 1148 Ionioque
454 1071 528 1146 mari
543 1072 720 1146 Maleaeque
734 1071 911 1147 sequacibus
925 1071 1020 1132 undis.

292 1167 363 1224 Non
376 1166 438 1241 jam
452 1163 546 1240 prima
559 1174 630 1240 peto
645 1163 832 1237 Mnestheus,
846 1183 944 1241 neque
957 1165 1074 1226 vincere
1088 1173 1189 1239 cert03
1230 1160 1233 1168 '

292 1259 482 1334 Quamquam
490 1257 634 1316 ol-Sed
643 1266 790 1334 superent,
797 1257 905 1334 quibus
914 1258 981 1333 hoc,
989 1257 1262 1334 Neptunededistij

294 1352 449 1410 Extremos
463 1350 575 1426 pudeat
587 1348 707 1410 rediisse
718 1349 807 1435 ghoc
820 1349 938 1425 vincite,
953 1350 1043 1425 cives,
1226 1369 1262 1420 ιφ

293 1444 332 1501 Et
345 1441 500 1520 prohibete
515 1442 606 1502 nefas.
649 1440 709 1503 Olli
723 1443 884 1506 certamine
898 1463 1013 1506 summo

293 1537 514 1609 Procumbunt3
532 1534 622 1595 vastis
636 1535 734 1596 tremit
748 1537 854 1598 ictibus
867 1556 955 1598 aerea
968 1535 1083 1615 puppis,

292 1627 534 1705 subtrahiturque
549 1628 665 1704 solum3
684 1640 750 1689 tum
761 1631 864 1690 creber
877 1629 1022 1714 anhelitus
1037 1641 1115 1690 artus

294 1719 446 1797 Aridaque
459 1741 511 1794 ora
525 1722 637 1798 quatit3
657 1723 747 1784 sudor
760 1723 824 1782 fluit
835 1721 968 1800 undique
982 1721 1058 1782 rivis.
1226 1749 1263 1778 »ω

294 1813 403 1895 Attulit
417 1813 566 1892 ipse-uiris
578 1825 712 1892 optatum
725 1835 814 1878 casus
828 1817 981 1880 honorem.

294 1909 434 1983 Namque
447 1909 545 1968 furens
558 1907 649 1968 animi
663 1909 733 1969 dum
748 1928 866 1996 proram
879 1909 918 1970 ad
933 1909 1175 1987 saxasuburguet

262 2065 265 2070 ,
295 2000 423 2062 Interior
437 2001 591 2079 spatioque
606 2001 685 2062 subit
699 2005 850 2080 Sergestus
864 2002 976 2080 iniquo,

295 2093 403 2155 Infelix
417 2094 493 2158 saxis
506 2095 539 2153 in
551 2095 792 2173 procurrentibus
806 2094 909 2158 haesit

294 2188 471 2249 Concussae·
481 2199 589 2263 cautes,
605 2200 637 2249 et
649 2200 736 2276 acuto
750 2187 911 2284 in'muricez
920 2187 997 2250 remi·

294 2281 406 2345 Obnixi
420 2301 567 2359 crepuere,
583 2282 716 2359 illisaque
730 2300 819 2359 prora
832 2281 982 2360 pependit.
1084 2327 1091 2332 .

294 2376 486 2453 Consurgunt
499 2387 606 2437 nautae
620 2386 652 2435 et
664 2394 775 2452 magno
787 2376 917 2437 clamore
931 2384 1089 2450 morantur,

294 2470 487 2545 Ferratasque
502 2469 602 2527 trudes
616 2478 646 2527 et
659 2478 747 2528 acuta
759 2466 881 2545 cuspide
895 2478 1002 2529 contos

294 2561 474 2639 Expediunt,
488 2562 654 2637 fractosque
667 2561 770 2637 legunt
781 2560 815 2621 ,in
827 2561 939 2639 gurgite
957 2580 1062 2621 remos

293 2657 336 2714 At
350 2654 444 2713 laetus
458 2654 636 2713 Mnestheus
649 2672 846 2729 successuque
860 2652 953 2715 acrior
966 2653 1032 2731 ipso
1086 2670 1089 2675 ·
1227 2682 1264 2711 210

206 2782 209 2788 ·
294 2746 423 2823 Agmine
437 2765 583 2805 remorum
597 2745 685 2805 celeri
697 2744 854 2823 ventisque
868 2746 980 2809 vocatis

295 2841 393 2899 Prona
406 2838 481 2915 petit
494 2838 585 2897 maria
598 2849 629 2897 et
641 2839 748 2917 pelago
764 2838 889 2903 decurrit
904 2851 1013 2917 aperto.

295 2931 400 3007 Qualis
414 2932 558 3008 spelunca
571 2930 669 2991 subito
683 2943 835 2993 commota
847 2934 996 3008 columba,
1153 3010 1157 3017 ι

288 3024 353 3096 ,eui
368 3025 474 3084 domus
489 3034 519 3084 et
532 3024 635 3084 dulces
648 3025 797 3087 latebroso
811 3025 842 3085 in
856 3025 974 3103 pumice
987 3025 1060 3101 uidi,

295 3119 398 3177 Fertur
411 3116 441 3176 in
456 3136 525 3179 arva
536 3120 650 3193 volans,
663 3118 861 3197 plausumque
874 3118 1012 3181 exterrita
1024 3116 1146 3197 pennis,
1228 3146 1264 3183 21³

295 3212 357 3269 Dat
370 3220 450 3270 tecto
463 3210 623 3289 ingentem,
638 3230 710 3272 mox
722 3214 790 3272 aere
804 3213 889 3289 lapsa
902 3212 1003 3289 quieto
1044 3264 1045 3269 ,

295 3302 389 3363 Radit
402 3302 456 3363 iter
469 3303 622 3381 liquidum,
638 3305 749 3365 celeres
763 3324 860 3382 neque
874 3316 1042 3366 commovet
1056 3305 1137 3365 alas:

296 3395 345 3456 Sic
360 3396 602 3474 Mnestheussic
617 3398 682 3475 ipsa
695 3399 765 3475 fuga
779 3408 859 3457 secat
873 3398 975 3461 ultima
990 3398 1092 3458 Pristis

295 3491 443 3565 Aequora,
460 3489 502 3550 sic
516 3490 597 3551 illam
611 3492 666 3552 fert
678 3490 807 3568 impetus
820 3490 884 3569 ipse
898 3492 1056 3551 volantem.

296 3583 335 3641 Et
348 3581 475 3660 primum
488 3582 521 3644 iu
534 3584 659 3661 scopulo
672 3584 834 3647 luctantem
848 3582 957 3645 deserit
968 3583 1031 3643 alto

294 3675 670 3753 Sergestum-brevibusque
682 3678 769 3738 vadis
782 3677 945 3753 frustraque
959 3685 1120 3737 vocantem

294 3767 414 3828 Auxilia
428 3781 457 3830 et
471 3769 569 3830 fractis
584 3769 747 3831 discentem
760 3788 874 3844 currere
887 3768 983 3829 remis.
