3017 4700
297 384 352 442 186
609 397 635 441 P.
657 397 789 441 vmerrn
811 398 952 442 unaours

295 544 404 616 Odere,
419 541 529 616 infensi
542 540 644 619 Tyrii;
663 552 693 602 te
707 553 829 620 propter
843 543 971 605 eundem

294 636 466 695 Exstinctus
479 635 576 712 pudor
590 645 628 708 et,
644 655 703 712 qua
716 637 781 695 sola
795 637 890 696 sidera
904 637 1031 710 adibam,-

294 731 386 788 Fama
399 728 485 806 prior.
529 728 585 788 Cui
599 714 648 788 m'e
661 730 869 790 moribundam
884 731 1002 804 deseris,
1018 733 1149 808 hospes?

295 824 366 882 Hoc
380 824 476 882 solum
491 840 601 881 nomen
615 823 755 898 quoniam
771 823 809 882 de
822 824 949 903 conjuge
963 833 1062 884 restat.

294 915 376 989 Quid
390 917 509 974 moror?
549 915 600 972 An
614 933 681 973 mea
696 915 870 993 Pygmalion
886 917 956 974 dum
970 917 1089 977 moenia
1103 916 1191 980 frater
1232 943 1267 980 325

294 1009 444 1079 Destruet,
459 1016 510 1066 aut
523 1017 641 1083 captam
655 1007 745 1066 ducat
759 1008 904 1068 Gaetulus
919 1009 1042 1070 Iarbas?

295 1098 407 1157 Saltem
421 1096 447 1157 si
462 1116 521 1174 qua
534 1097 607 1155 mihi
622 1098 660 1156 de
675 1107 705 1156 te
720 1108 859 1176 suscepta
873 1099 989 1159 luisset*

294 1192 375 1249 Ante
388 1191 488 1269 fugam
502 1189 632 1263 suboleS,
648 1189 673 1249 si
687 1190 754 1266 quis
769 1191 841 1250 mihi
855 1193 994 1269 parvulus
1007 1193 1076 1254 aula

294 1284 424 1343 Luderet
438 1285 567 1356 Aeneas,
584 1282 634 1359 qui
648 1294 679 1343 te
693 1294 793 1344 tamen
808 1305 859 1345 ore
873 1286 1003 1359 referret,

294 1378 364 1435 Non
380 1376 519 1453 equidem
533 1376 657 1435 omnino
671 1388 760 1455 capta
774 1397 809 1438 ac
823 1379 942 1440 deserta
955 1379 1080 1440 viderer.
1079 1431 1101 1472 s

335 1470 466 1535 Dixerat,
509 1470 565 1528 Ille
579 1470 662 1547 Joyis
676 1472 798 1532 monitis
813 1471 935 1540 immota
948 1472 1077 1532 tenebat*

293 1564 430 1636 Lumina,
445 1572 475 1622 et
486 1562 617 1636 obnixus
631 1582 732 1624 curam
746 1565 802 1624 sub
816 1565 904 1624 corde
919 1565 1080 1642 premebat.

214 1700 222 1728 3
292 1657 430 1715 Tandem
445 1675 540 1732 pauca
555 1657 660 1716 refert:
681 1660 745 1736 Ego
761 1668 798 1730 te,
815 1677 891 1735 quae
905 1649 1032 1734 plurima
1045 1657 1137 1717 fando

294 1752 476 1825 Enumerare
490 1751 580 1824 vales,
596 1771 767 1828 numquam,
784 1750 909 1828 Regina,
927 1751 1044 1830 negabo

1233 1403 1270 1442 330

293 1843 508 1918 Promeritam3
528 1863 584 1903 nec
598 1864 646 1903 me
661 1845 832 1903 meminisse
846 1843 961 1924 pigebit
975 1844 1098 1915 Elissae,
1233 1867 1270 1908 sss
1368 1900 1372 1916 ,

294 1938 375 1996 Dum
389 1956 504 1997 memor
517 1936 580 2014 ipse
595 1937 663 2010 mei,
678 1938 750 1996 dum
767 1936 888 2013 spiritus
903 1938 958 1995 hos
973 1935 1047 2014 regit
1062 1945 1149 1994 artus.

293 2033 356 2090 Pro
367 2050 400 2090 re
414 2051 509 2108 pauca
523 2031 634 2106 loquar.
678 2033 787 2107 Neque
801 2049 857 2106 ego
871 2031 949 2088 hanc
964 2029 1149 2088 abscondere
1162 2026 1241 2088 furto

292 2125 424 2202 Speravi,
440 2143 478 2184 ne
492 2125 580 2202 finge,
595 2124 704 2202 fugam,
721 2143 777 2182 nec
792 2121 927 2201 conjugis
943 2141 1084 2198 umquam

293 2216 454 2278 Praetendi
467 2218 635 2288 taedasaut
648 2218 722 2276 haec
736 2216 767 2274 in
781 2215 903 2276 foedera
915 2214 991 2275 veni.

293 2314 348 2373 Me
362 2312 389 2373 si
403 2312 463 2372 fata
476 2310 550 2371 meis
564 2319 734 2388 paterentur
748 2308 856 2369 ducere
870 2307 962 2369 vitam

293 2406 444 2484 Auspiciis
459 2416 489 2465 et
503 2414 610 2481 sponte
624 2422 692 2463 mea
706 2421 888 2479 componere
901 2420 996 2475 curas,

293 2500 409 2559 Urbem
424 2499 586 2573 Trojanam
599 2496 728 2573 primum
742 2496 904 2571 dulcesque
918 2512 1052 2553 meorum

294 2591 449 2668 Reliquias
463 2590 602 2662 colerem,
618 2584 727 2647 Priami
739 2597 819 2649 tecta
833 2588 893 2649 alta
906 2596 1068 2659 manerent,

295 2686 334 2743 Et
348 2683 477 2743 recidiva
491 2681 764 2758 manuposuissem
780 2683 924 2758 Pergama
938 2678 1030 2739 victis.

295 2778 357 2837 Sed
371 2796 450 2835 nunc
465 2776 582 2834 Italiam
597 2793 735 2851 magnam
750 2775 888 2851 Gryneus
903 2773 1023 2850 Apollo,
1047 2800 1051 2807 ¹
1234 2796 1271 2836 ³4⁵

294 2868 413 2929 Italiam
427 2868 536 2946 Lyciae
554 2868 669 2946 jussere
683 2857 840 2943 capessere
855 2876 951 2927 sortes
962 2887 971 2940 3

295 2960 358 3020 Hic
372 2980 463 3033 amor,
478 2950 553 3019 haec
566 2955 662 3038 patria
675 2969 729 3019 est
775 2960 807 3019 Si
821 2969 850 3019 te
866 2958 1060 3036 Karthaginis
1075 2976 1166 3033 arces,

217 3127 221 3137 ι
295 3053 500 3126 Phoenissam,
516 3053 704 3131 Libycaeque
719 3053 880 3129 adspectus
895 3052 1010 3112 detinet
1023 3051 1113 3127 urbis,

219 3209 223 3222 1
294 3148 381 3221 Quae
396 3147 526 3220 tandem,
543 3146 679 3206 Ausonia
692 3148 827 3207 Teucros
841 3145 997 3205 considere
1012 3157 1095 3218 terra,
1201 3214 1204 3219 ,
1253 3207 1256 3211 ,

295 3240 415 3299 Invidia
427 3242 493 3299 est?
535 3241 574 3299 Et
587 3258 644 3299 nos
658 3240 703 3299 sas
717 3249 819 3299 extera
833 3257 975 3315 quaerere
986 3256 1089 3315 regna.
1096 3284 1128 3341 l
1235 3262 1273 3301 ³⁵0

295 3335 349 3392 Me
363 3332 453 3409 patris
469 3332 628 3405 Anchisae,
645 3332 763 3408 quoties
777 3331 969 3392 hmnentibus
983 3330 1095 3389 umbris

295 3428 366 3485 Nox
380 3425 476 3503 operit
490 3434 592 3499 terras,
608 3425 725 3502 quoties
739 3435 819 3486 astra
833 3424 920 3502 ignea
935 3432 1066 3501 surgunt,
1164 3494 1167 3499 Ι

294 3518 449 3579 Admonet
462 3518 494 3579 in
508 3518 622 3579 somnis
636 3529 666 3578 et
680 3518 799 3578 turbida
813 3527 903 3577 terret
917 3516 1036 3595 image,

294 3614 348 3671 Me
362 3631 436 3689 puer
449 3612 599 3682 Ascanius
612 3611 776 3688 capitisque
791 3609 897 3688 injuria
909 3609 979 3682 cari,
1019 3613 1022 3619 '

294 3706 395 3780 Quem
409 3724 501 3783 regno
516 3704 683 3781 Hesperiae
697 3703 803 3763 fraudo
818 3712 848 3763 et
862 3702 1000 3761 fatalibus
1014 3702 1100 3763 arvis.
1235 3729 1272 3769 ³5⁵

295 3800 385 3858 Nunc
400 3798 489 3859 etiam
503 3798 649 3875 interpres
663 3796 773 3871 divum,
788 3798 864 3873 Jove
878 3795 991 3877 missus,
1000 3796 1038 3856 ab
1052 3795 1168 3875 ipso·-
