3017 4700
576 424 782 468 METAMORPH.
806 425 864 468 LIB.
887 427 920 469 11.

267 571 462 646 Fluminaque
477 579 507 631 et
519 560 664 648 nymphas
679 580 708 631 et
722 582 821 632 cetera
834 553 957 631 numina¹
970 572 1050 632 ruris.

268 668 355 725 Haec
369 683 457 742 super
469 663 607 740 imposita
621 675 665 724 est
679 664 755 725 coeli
769 664 908 742 fulgentis
922 664 1029 742 imago,

265 757 413 836 Signaque
428 775 480 816 sex
493 756 603 817 foribus
618 757 727 817 dextris
741 759 926 834 totidemque
943 757 1074 818 sinistris.
1162 754 1164 759 ’
1226 796 1250 826 ι,

266 853 335 926 Quo
351 850 436 910 simul
451 848 564 910 acclivo
580 851 616 911 Cl
668 850 753 934 epeia
766 850 859 911 limite
874 853 972 928 proles

180 1011 184 1018 ¹
265 943 365 1017 Venit,
381 955 410 1003 et
424 942 541 1003 intravit
554 869 778 1005 ffubAEllf'tell‘la
789 943 930 1021 parentis,

266 1036 403 1097 Protinus
418 1037 456 1096 ad
470 1036 581 1114 patrios
596 1056 649 1097 sua
661 1039 717 1098 lert
730 1037 854 1114 vestigia
867 1039 974 1111 vultus,

266 1129 468 1206 Consistitque
483 1131 603 1206 procul:
624 1149 722 1206 neque
737 1130 817 1192 enim
831 1130 969 1208 propiora
982 1131 1096 1190 ferebat

265 1222 399 1282 Lumina
443 1225 592 1300 Purpurea
606 1224 718 1283 velatus
731 1233 814 1284 veste
833 1225 957 1284 sedebat

265 1319 303 1375 In
318 1315 393 1376 solio
408 1316 547 1376 Phoebus
561 1315 645 1376 elaris
660 1317 777 1377 lucente
792 1316 959 1393 smaragdis.

264 1411 293 1468 A
307 1409 409 1469 dextra
423 1410 566 1485 laevaque
581 1409 654 1470 Dies
668 1420 698 1469 et
713 1410 828 1470 Mensis
843 1420 872 1470 et
885 1412 993 1494 Annus
1212 1437 1238 1475 ιε

265 1502 447 1578 Saeculaque
462 1511 492 1561 et
506 1501 620 1579 positae
635 1502 735 1579 spatiis
750 1503 923 1579 aequalibus
938 1505 1051 1577 Horae,

264 1597 383 1671 Verque
397 1613 507 1654 novum
523 1596 619 1655 stabat
633 1594 763 1655 cinctum
777 1596 902 1656 florente
916 1614 1046 1670 corona3

264 1689 367 1748 Stabat
381 1689 462 1747 nuda
475 1691 581 1748 Aestas
596 1698 626 1748 et
640 1687 740 1766 spicea
754 1699 832 1748 serta
844 1690 983 1766 gerebat3
1058 1713 1074 1741 a

263 1783 367 1842 Stabat
381 1791 411 1841 et
424 1783 591 1840 Autumnus
604 1780 724 1842 calcatis
739 1782 877 1842 sordidus
890 1781 964 1855 uvis,

266 1875 304 1934 Et
317 1873 447 1951 glacialis
463 1873 579 1947 Hiems,
596 1893 686 1934 canos
700 1873 814 1951 hirsuta
827 1874 959 1955 capillos.

265 1968 342 2027 Inde
357 1964 423 2048 lobo
438 1964 553 2049 medius
567 1943 662 2037 mlum
677 1967 808 2041 nqvitate
822 1978 982 2045 paventem¹

265 2061 316 2120 Sol
330 2059 422 2160 oculis
435 2062 582 2136 juvenem,
598 2047 774 2136 'quibusads
795 2060 846 2120 icit
855 2050 969 2134 bmnia,
983 2059 1065 2134 vidit,

266 2154 409 2233 Quaeque
423 2152 487 2226 viae
501 2152 554 2213 tibi
565 2154 677 2216 eausa?
698 2080 858 2230 quidzacl,
866 2153 914 2227 ait,
923 2149 997 2213 'arce
1011 2153 1119 2230 petisti,

243 2267 251 2286 t
266 2245 432 2334 l’rogenies,
449 2230 604 2327 Phaethon
629 2247 710 2327 haud*
723 2227 878 2325 infitianda
890 2229 1026 2323 patenti?

266 2341 321 2401 Ille
336 2307 423 2445 rssert
434 2363 444 2399 ι·
462 2333 554 2428 olus
568 2338 577 2398 i
641 2316 963 2493 ensjipwlikaffunffi'

266 2435 387 2494 Phoebe
401 2422 492 2513 paler,
503 2432 533 2492 'si
546 2434 605 2493 das'
614 2421 686 2514 huju
716 2433 788 2500 mihi
801 2453 842 2495 no
875 2433 930 2494 inis
944 2421 1030 2499 usum

266 2530 330 2587 Nec
344 2494 417 2608 falsa
432 2526 518 2603 Clym
558 2546 574 2586 e
589 2528 707 2603 culpam
716 2529 777 2587 'sub
791 2504 1017 2681 inssgtnelc‘elat,

266 2615 455 2714 Pignoralda
470 2638 527 2697 gen
543 2603 593 2697 or,
609 2615 662 2697 p'er
676 2638 751 2697 quae
766 2605 828 2710 tua}
849 2642 899 2708 era
912 2641 1044 2699 propago

265 2714 386 2787 Credar,
396 2724 435 2786 et·
446 2713 525 2772 hunc
539 2712 647 2794 animis,
658 2714 926 2800 erroremdetrahe-
936 2715 1052 2778 nostris.

266 2805 409 2879 Dixerat}
428 2798 457 2865 at
471 2806 707 2892 genitoq'ciucum
722 2802 915 2888 caputlomne
930 2805 1082 2892 micantes,

266 2879 916 3002 Deposuit,radipspropirl‘squeac'cedlere*q'u
933 2902 979 2975 sit',

264 2992 471 3068 Amplexu'que
486 2962 564 3065 delo,
581 2970 693 3095 Neclm
708 2989 873 3072 menslesse
882 2922 987 3080 nazari

220 3151 222 3156 ,
266 3084 380 3161 Dignus
395 3104 434 3157 eS,
451 3096 480 3144 et
496 3082 638 3161 Clymene
652 3100 746 3161 veros,
763 3085 812 3162 alt,
828 3087 928 3150 edidit·
936 3099 1036 3162 ortus;

265 3179 394 3254 Quoque
408 3177 505 3237 minus
519 3178 644 3253 dubites,
661 3181 787 3257 quodvis
802 3191 871 3258 pete
886 3199 1001 3254 munus,
1017 3190 1047 3241 et
1061 3179 1133 3240 illud

265 3272 319 3331 Me
334 3270 479 3332 tribuente
493 3272 587 3335 seres:
608 3274 745 3350 promissi
760 3274 843 3334 testis
857 3274 962 3334 adesto

265 3362 320 3423 Dis
332 3365 458 3440 juranda
472 3366 564 3442 palus,
581 3367 674 3427 oculis
688 3367 841 3443 incognita
853 3367 968 3427 nostris

263 3457 323 3516 Vix
336 3458 413 3517 bene
428 3458 563 3533 desierat,
580 3478 680 3519 currus
694 3460 770 3541 petit
783 3460 833 3520 ille
846 3471 986 3537 paternos

264 3551 360 3626 Inque
376 3550 456 3611 diem
470 3552 620 3629 alipedum
631 3554 680 3632 jus
694 3565 724 3613 et
737 3554 929 3613 moderamen
944 3572 1095 3631 equorum.

259 3642 414 3703 vPoenituit
426 3646 539 3721 jurasse
553 3655 675 3721 patrem,
691 3645 742 3722 qui
756 3658 859 3723 terque
874 3656 1035 3723 quaterque

264 3735 447 3796 Concutiens
461 3736 571 3797 illustre
586 3749 684 3813 caput,
699 3739 877 3812 Temeraria,
893 3738 974 3812 dixit,
1211 3766 1236 3803 so

263 3828 331 3889 Vox
345 3848 412 3890 mea
425 3829 504 3889 sacta
517 3839 569 3889 tua
582 3838 634 3889 est.
648 3914 652 3921 ι
678 3829 802 3891 Utinam
816 3830 961 3909 promissa
974 3832 1076 3891 liceret
1102 3859 1105 3863 ⁴
