3017 4700
546 397 725 470 ononotcou
747 425 805 469 ern.
829 424 857 468 r·

216 570 454 650 Eumenidesque
468 581 568 645 satae3
588 581 651 632 tum
664 581 750 649 partu
763 573 854 632 Terra
867 571 997 633 nefando

216 670 390 743 Coeumque
404 667 600 742 Iapetumque
614 675 702 739 creat,
718 683 896 742 saevumque
911 666 1063 742 Typhoea,

104 825 108 834 ¹
216 763 254 820 Et
268 760 437 836 conjuratos
451 758 569 818 coelum
582 757 749 818 rescindere
762 760 871 818 fratres.

215 854 274 912 Ter
288 861 356 912 sunt
370 850 470 911 conati
483 850 636 928 imponere
650 850 734 912 Pelio
749 853 860 912 Ossam

215 945 340 1018 Scilicet,
356 955 444 1020 atque
460 943 556 1004 Ossae
569 943 743 1004 frondosum
757 943 906 1004 involvere
920 944 1102 1022 Olympum3

215 1040 274 1098 Ter
288 1039 375 1097 Pater
389 1046 553 1097 exstructos
567 1035 683 1112 disjecit
697 1037 820 1097 fulmine
834 1045 958 1098 montes.

214 1130 346 1207 Septima
360 1138 428 1207 post
441 1128 588 1188 decimam
602 1129 672 1189 felix
686 1140 716 1190 et
729 1149 840 1206 ponere
854 1129 953 1206 vitem,

216 1226 254 1284 Et
268 1241 393 1301 prensos
407 1221 551 1282 domitare
565 1222 666 1295 boves,
682 1232 712 1282 et
726 1222 794 1283 licia
807 1223 883 1282 telae

214 1317 333 1377 Addere
344 1338 353 1390 3
373 1334 454 1376 nona
466 1316 552 1392 fugae
566 1314 677 1388 melior,
693 1315 839 1376 contraria
852 1315 943 1377 furtis.
970 1367 972 1373 s

256 1409 355 1468 Multa
369 1407 444 1468 adeo
458 1408 558 1485 gelida
571 1406 676 1468 melius
690 1427 722 1468 se
736 1418 824 1470 nocte
839 1408 956 1482 dedere,

214 1505 276 1563 Aut
289 1521 381 1578 quum
396 1502 458 1560 sole
472 1519 552 1562 novo
567 1511 656 1561 terras
670 1500 773 1563 irroret
787 1504 876 1564 Eous

215 1598 313 1656 Nocte
328 1595 407 1655 leves
421 1594 525 1654 melius
540 1593 674 1671 stipulae,
689 1605 778 1654 nocte
792 1594 873 1656 arida
886 1606 971 1672 prata

214 1690 409 1761 Tondentu13
428 1698 531 1746 noctes
545 1689 641 1748 lentus
656 1706 716 1748 non
731 1687 831 1748 delicit
844 1689 957 1749 humor.

216 1783 254 1842 Et
268 1781 389 1858 quidam
403 1798 484 1840 seros
498 1779 612 1841 hiberni
626 1781 665 1841 ad
679 1781 798 1842 luminis
812 1780 895 1858 ignes

215 1873 379 1950 Pervigilat,
396 1875 530 1949 ferroque
544 1873 624 1934 faces
638 1873 764 1950 inspicat
779 1885 886 1949 acuto;

216 1971 335 2028 Interea
348 1968 470 2044 longum
483 1976 573 2027 cantu
587 1968 683 2027 solata
696 1967 830 2028 laborem

216 2065 330 2138 Arguto
344 2063 455 2136 conjux
467 2060 608 2137 percurrit
622 2059 740 2136 pectine
754 2061 837 2134 telas,

193 2146 197 2150 ”
215 2159 276 2215 Aut
290 2153 384 2215 dulcis
399 2153 487 2214 musti
501 2154 637 2214 Vulcano
651 2154 793 2230 decoquit
806 2154 961 2214 humorem

217 2250 255 2308 Et
268 2247 345 2307 foliis
359 2247 472 2308 undam
485 2245 591 2322 trepidi
605 2247 762 2323 despumat
776 2245 849 2306 aeni.

215 2344 257 2401 At
270 2340 434 2402 rubicunda
448 2342 538 2402 Ceres
552 2339 653 2401 medio
667 2339 826 2401 succiditur
839 2349 931 2415 aestu,

217 2437 255 2493 Et
269 2434 369 2494 medio
383 2443 476 2494 tostas
489 2444 572 2496 aestu
586 2432 653 2494 terit
666 2452 735 2495 area
747 2434 852 2513 fruges.

217 2528 323 2587 Nudus
337 2530 395 2600 ar'a,
411 2546 475 2587 sere
489 2527 605 2601 nudus3
625 2526 720 2587 hiems
733 2527 841 2605 ignava
854 2528 971 2589 colono.

217 2619 386 2697 Frigoribus
399 2631 484 2696 parto
499 2619 644 2697 agricolae
657 2622 830 2699 plerumque
847 2623 988 2695 fruuntur,
1079 2642 1082 2651 ’
1165 2650 1190 2677 ω

217 2715 383 2789 Mutuaque
397 2712 473 2772 inter
486 2732 519 2773 se
533 2713 603 2775 laeti
616 2713 753 2783 convivia
766 2724 888 2789 curant;

217 2806 327 2865 Invitat
340 2805 463 2882 genialis
476 2805 570 2866 hiems
584 2825 728 2886 curasque
740 2808 878 2867 resolvit:

217 2895 282 2959 Ceu
296 2918 414 2975 pressae
429 2917 521 2974 quum
532 2900 594 2975 jam
609 2910 726 2977 portum
741 2900 862 2978 tetigere
877 2899 1002 2973 carinae,

217 2992 371 3069 Puppibus
386 3002 415 3051 et
429 2990 497 3051 laeti
511 3003 619 3054 nautae
633 2992 800 3071 imposuere
815 3012 947 3054 coronas
993 2992 996 2999 ’

217 3085 276 3145 Sed
290 3095 390 3144 tamen
404 3095 434 3144 et
448 3104 574 3161 quernas
588 3086 711 3163 glandes
725 3096 790 3145 tum
804 3086 945 3163 stringere
959 3095 1077 3162 tempus

218 3180 256 3238 Et
270 3176 343 3238 lauri
357 3177 465 3237 baccas
478 3179 636 3255 oleamque
651 3189 832 3255 cruentaque
846 3190 960 3256 myrta;
985 3226 988 3232 .
1186 3173 1194 3179 ”

217 3273 295 3331 Tum
308 3270 428 3347 gruibus
442 3271 563 3347 pedicas
577 3282 608 3332 et
621 3271 695 3331 retia
708 3290 821 3349 ponere
835 3270 936 3345 cervis,

218 3362 396 3440 Auritosque
411 3365 495 3441 sequi
509 3365 645 3441 lepores3
665 3374 728 3425 turn
742 3366 831 3441 ligere
845 3365 956 3437 damas,

129 3464 132 3467 ’
219 3458 351 3534 Stuppea
364 3468 552 3534 torquentem
568 3456 696 3516 Balearis
709 3459 832 3517 verbera
845 3458 962 3530 fundae,

218 3551 318 3626 Quum
332 3550 383 3609 nix
397 3551 457 3611 alta
467 3551 556 3627 jacet,
570 3548 696 3626 glaciem
711 3568 802 3625 quum
816 3549 938 3609 flumina
951 3550 1079 3611 trudunt
1168 3578 1191 3606 ιο

257 3645 339 3720 Quid
353 3653 544 3720 tempestates
559 3641 692 3701 autumni
706 3652 737 3702 et
751 3642 847 3705 sidera
860 3642 967 3716 dicam,

218 3741 326 3814 Atque,
342 3736 394 3796 ubi
406 3738 469 3811 jam
482 3734 658 3811 breviorque
673 3734 737 3795 dies
751 3746 782 3796 et
795 3734 911 3796 mollior
925 3746 1029 3809 aestas,

217 3833 303 3907 Quae
317 3828 468 3907 vigilanda
480 3828 568 3889 viris?
588 3828 637 3889 vel
651 3847 742 3906 quum
757 3828 814 3889 ruit
827 3828 1008 3890 imbriferum
1020 3846 1079 3901 ver,
