3017 4700
294 438 348 498 17²
606 437 632 480 P.
652 417 786 478 vrnouri
808 435 951 480 unnoms

291 584 331 642 Et
345 590 430 660 pater
444 581 610 645 Anchises:
630 582 754 656 Bellum,
771 600 790 641 o
805 589 883 642 terra
896 581 1023 660 hospita,
1039 592 1158 659 portas3

291 677 375 735 Bello
389 687 539 736 armantur
552 674 629 752 equi,
644 675 757 736 bellum
770 676 844 735 haec
859 685 991 736 armenta
1005 675 1161 737 minantur,

291 770 350 831 Sed
365 779 464 830 tamen
478 768 559 830 idem
573 769 645 828 olim
659 788 744 829 curru
758 768 919 828 succedere
934 768 1008 828 sueti

291 862 518 939 Quadrupedes,
533 871 564 922 et
577 862 661 921 frena
671 862 744 940 jugo
759 862 920 921 concordia
934 861 1026 921 ferre:

292 957 368 1032 Spes
383 967 413 1016 et
426 955 516 1032 pacis,
533 955 580 1014 ait
623 957 702 1014 Tum
715 954 837 1013 numina
851 964 953 1014 sancta
966 967 1121 1032 precamur

292 1049 421 1108 Palladis
436 1047 610 1122 armisonae,
626 1067 703 1125 quae
718 1046 814 1124 prima
827 1047 943 1124 accepit
956 1057 1088 1124 ovantes,

291 1143 336 1201 Et-
344 1140 443 1218 capita
457 1151 525 1200 ante
540 1159 605 1201 aras
621 1138 748 1217 Phrygio
762 1140 894 1200 velamur
907 1139 1035 1214 amictu;

292 1234 520 1312 Praeceptisque
536 1233 656 1306 Heleni,
672 1233 796 1293 dederat
810 1252 886 1308 quae
900 1232 1036 1306 maxima,
1052 1232 1106 1294 rite

289 1327 403 1404 Junoni
418 1326 544 1404 Argivae
556 1327 655 1402 jussos
669 1325 824 1386 adolemus
838 1326 975 1386 honores.

210 1411 213 1418 ’
291 1421 385 1480 Haud
399 1410 491 1493 mora,
506 1419 650 1480 continuo
663 1418 802 1495 perfectis
817 1418 921 1480 ordine
935 1419 1020 1492 votis,

292 1515 413 1574 Cornua
426 1515 589 1572 velatarum
604 1511 785 1572 obvertimus
799 1521 1002 1586 antennarum,

290 1607 552 1686 ,Grajugenumque
567 1606 673 1665 domos
688 1615 885 1682 suspectaque
900 1604 1061 1681 linquimus
1075 1623 1151 1666 arva.

292 1699 375 1759 Hinc
390 1698 470 1787 sinus
485 1697 636 1772 Herculei,
651 1698 677 1758 si
690 1717 760 1758 vera
773 1705 823 1758 est‘
832 1698 919 1772 sarna,
934 1697 1056 1757 Tarenti

292 1793 429 1852 Cernitur
438 1791 577 1872 q'attollit
590 1811 623 1852 se
637 1791 707 1852 diva
721 1790 844 1852 Lacinia
858 1800 970 1865 contra,

1045 1872 1048 1908 l

292 1885 493 1962 Caulonisque
508 1905 590 1944 arces
605 1895 635 1945 et
648 1885 830 1961 navifragum
845 1885 1046 1986 Scylaceums

291 1980 369 2037 Tum
384 1980 487 2055 procul
501 1998 518 2038 e
531 1979 624 2041 fluctu
638 1977 791 2038 Trinacria
805 1977 932 2038 cernitur
946 1979 1052 2052 Aetna,

291 2073 331 2131 Et
343 2071 486 2148 gemitum
500 2071 651 2148 ingentem
665 2070 951 2149 pelagirpulsataque
965 2090 1036 2135 saxa

292 2165 438 2224 Audimus
452 2166 541 2242 longe
556 2166 723 2241 fractasque
737 2165 776 2224 ad
790 2164 876 2226 litora
889 2183 987 2238 voces,

293 2259 511 2334 Exsultantque
525 2258 610 2331 vada,
625 2269 715 2335 atque
730 2268 815 2318 aestu
829 2258 991 2318 miscentur
1005 2256 1130 2340 arena-el

291 2354 331 2411 Et
344 2363 428 2429 pater
441 2352 605 2411 Anchises:
622 2350 777 2413 'Nimirum
790 2352 865 2411 haec
879 2350 930 2411 illa
944 2350 1127 2429 Charybdis:

292 2448 361 2504 Hos
376 2446 513 2505 Helenus
528 2446 674 2521 scopulos,
690 2445 765 2505 haec
779 2463 851 2503 saxa
865 2444 1012 2503 horrenda
1025 2445 1159 2505 canebat.

291 2537 411 2614 Eripite,
428 2557 447 2597 o
462 2538 542 2611 socii,
559 2538 725 2614 pariterque
739 2536 879 2613 insurgite
893 2538 988 2596 remis

292 2631 385 2689 Haud
400 2630 496 2689 minus
511 2649 546 2689 ac
557 2630 633 2708 jussi
646 2628 766 2702 faciunt,
781 2629 951 2706 primusque
965 2630 1120 2691 rudentem

292 2723 443 2783 Contorsit
457 2724 555 2783 laevas
569 2742 686 2799 proram
701 2722 856 2783 Palinurus
871 2723 909 2782 ad
924 2724 1038 2798 undas;

291 2818 421 2875 Laevam
436 2825 544 2875 cuncta
557 2807 664 2875 cohors
679 2815 766 2874 remis
780 2814 1061 2893 ventisquepetivit.

291 2910 435 2969 Tollimur
449 2908 478 2967 in
493 2910 612 2970 coelum
625 2919 746 2969 curvato
760 2907 881 2987 gurgite,
896 2920 926 2969 et
940 2909 1019 2969 idern

291 3003 443 3062 Subducta
456 3003 494 3062 ad
509 3005 618 3061 Manes
632 3001 707 3061 imos
721 3001 890 3062 desedimus
904 3004 993 3063 unda.

291 3098 351 3155 Ter
365 3094 479 3171 scopuli
494 3096 653 3156 clamorem
667 3094 743 3155 inter
755 3114 830 3155 cava
844 3114 914 3157 saxa
928 3096 1037 3157 dedere
1048 3104 1070 3171 ;'

290 3190 351 3247 Ter
365 3208 500 3264 spumam
515 3188 618 3248 elisam
633 3199 662 3249 et
675 3188 806 3249 rorantia
819 3187 945 3249 vidimus
959 3178 1065 3270 astras'

292 3284 410 3341 Interea
423 3282 518 3341 fessos
533 3291 640 3341 ventus
653 3301 722 3341 cum
736 3283 800 3341 sole
816 3281 942 3359 reliquit,
1046 3279 1048 3293 ¹

291 3374 450 3451 Ignarique
464 3374 529 3434 viae
545 3375 710 3453 Cyclopum
725 3374 882 3435 allabirnur
896 3374 962 3435 oris

330 3468 436 3526 Portus
450 3468 489 3526 ab
503 3486 626 3528 accessu
639 3479 795 3528 ventorum
809 3468 948 3529 immotus
962 3479 993 3529 et
1006 3466 1111 3546 ingens

291 3562 361 3637 Ipse
372 3582 381 3635 3
402 3561 456 3620 sed
469 3560 614 3621 horrificis
625 3562 710 3640 juxta
723 3571 809 3623 tonat
823 3564 923 3623 Aetna
936 3562 1036 3635 ruinis,

290 3655 504 3734 Interdumque
518 3665 612 3717 atram
626 3656 789 3732 prorumpit
803 3655 841 3715 ad
856 3656 976 3715 aethera
989 3656 1109 3730 nubem,

290 3748 423 3809 Turbine
438 3748 600 3809 fumantem
613 3747 702 3825 piceo
715 3759 746 3809 et
759 3749 907 3813 candente
921 3749 1029 3821 favilla,

291 3841 468 3919 Attollitque
482 3843 589 3919 globos
602 3842 787 3902 flammarum
802 3851 832 3901 et
847 3841 942 3903 sidera
955 3840 1079 3916 lambit;
