3017 4700
352 418 407 476 232
665 414 690 458 P.
712 413 845 457 vrxumtr
867 413 1009 458 MARONIS

350 558 511 640 Accepisse
526 560 600 633 lacu,
615 577 672 620 uec
686 559 805 640 Thesea
820 558 1053 638 Pirithoumque,

350 652 406 712 Dis
421 671 601 729 quamquam
614 652 706 729 geniti
721 664 810 729 atque
824 652 925 713 invicti
939 652 1051 714 viribus
1065 664 1172 716 essent

350 747 524 805 Tartareum
537 744 587 805 ille
600 765 691 804 mauu
704 746 860 806 custodem
874 745 906 804 in
920 745 1018 806 vincla
1031 745 1143 823 petivit,

351 837 450 915 Ipsius
463 858 482 898 a
495 837 571 898 solio
583 838 669 916 regis,
685 838 832 914 traxitque
846 849 1021 900 trementem
1032 859 1041 912 3

351 931 396 990 Hi
410 930 562 991 dominam
577 931 656 992 Ditis
670 932 803 991 thalamo
817 931 964 992 deducere
978 932 1081 993 adorti.

350 1023 437 1099 Quae
451 1034 555 1084 contra
567 1023 695 1084 breviter
708 1025 769 1084 sata
782 1034 827 1084 est
840 1025 1018 1102 Amphrysia
1031 1036 1133 1086 vates:

351 1119 459 1177 Nullae
473 1117 523 1178 hic
537 1116 661 1178 insidiae
675 1119 749 1178 tales
755 1140 769 1192 -;
789 1116 898 1178 absiste
912 1117 1043 1194 moveri3

351 1213 416 1271 Nec
430 1211 492 1270 vim
505 1212 565 1272 tela
578 1212 693 1285 serunt3
713 1211 783 1271 licet
797 1209 900 1287 ingens
915 1210 1026 1287 janitor
1039 1221 1125 1272 antro

348 1306 512 1365 Aeternum
526 1306 636 1364 latrans
649 1321 813 1382 exsangues
827 1313 932 1364 terreat
946 1306 1073 1378 umbras,

350 1399 443 1458 Casta
456 1397 527 1458 licet
540 1399 636 1475 patrui
650 1409 747 1458 servet
761 1396 937 1474 Proserpina
951 1397 1050 1458 limen.

349 1489 457 1550 Troius
472 1493 600 1565 Aeneas,
616 1491 725 1567 pietate
739 1489 862 1567 insignis
876 1500 907 1550 et
920 1489 1017 1564 armis,
1076 1500 1078 1505 ’

350 1583 400 1642 Ad
414 1583 577 1661 genitorem
591 1583 666 1644 imas
680 1583 769 1643 Erebi
783 1579 937 1644 descendit
952 1583 991 1643 ad
1005 1584 1132 1644 umbras.

350 1675 380 1738 Si
394 1687 425 1737 te
438 1678 520 1737 nulla
533 1687 634 1737 movet
647 1687 747 1736 tantae
761 1676 880 1754 pietatis
897 1678 1004 1754 imago,

350 1772 392 1829 At
405 1789 520 1830 ramum
534 1770 613 1830 hunc
622 1769 765 1847 -aperit
775 1789 897 1844 ramum,
913 1769 965 1846 qui
978 1781 1061 1832 veste
1075 1771 1186 1830 latebat
1194 1803 1234 1814 -

348 1865 512 1940 Agnoscas.
545 1863 684 1923 Tumida
698 1883 735 1923 ex
750 1864 868 1923 iratum
883 1865 976 1924 corda
989 1864 1128 1924 residunt

350 1959 416 2017 Nec
430 1958 515 2034 plura
529 1956 583 2015 his.
627 1957 683 2016 Ille
697 1955 847 2016 admirans
861 1943 1031 2018 venerabile
1045 1957 1158 2017 donum

350 2049 460 2110 Fatalis
474 2049 581 2127 virgae,
597 2051 687 2127 longo
701 2062 771 2127 post
785 2061 919 2127 tempore
933 2049 1037 2124 visum,

349 2143 524 2204 Caeruleam
538 2143 663 2204 advertit
675 2142 809 2220 puppim,
825 2142 964 2220 ripaeque
979 2143 1165 2221 propinquat.

350 2237 426 2296 Inde
440 2237 511 2297 alias
526 2236 648 2310 animas,
664 2255 740 2312 quae
755 2254 808 2313 per
820 2237 890 2313 juga
904 2236 993 2313 longa
1007 2237 1160 2310 sedebant,

349 2330 503 2405 Deturbat,
520 2331 659 2408 laxatque
673 2330 773 2404 soros3
793 2327 879 2390 simul
894 2327 1002 2407 accipit
1016 2331 1101 2390 alveo

350 2425 507 2500 Ingentem
523 2427 655 2485 Aenean.
699 2422 822 2484 Gemuit
836 2424 891 2483 sub
904 2424 1037 2500 pondere
1051 2424 1158 2501 cymba

348 2515 457 2590 Sutilis,
473 2528 502 2577 et
516 2518 639 2577 multam
654 2515 770 2593 accepit
783 2515 891 2575 rimosa
905 2517 1052 2593 paludem.

349 2610 485 2668 Tandem
500 2608 716 2669 transfluvium
730 2608 887 2669 incolumis
901 2609 1225 2686 vatemquevirumque
1298 2641 1307 2666 1

350 2702 473 2761 Informi
486 2701 559 2763 limo
572 2704 735 2780 glaucaque
749 2701 872 2779 exponit
885 2700 916 2760 in
929 2703 1004 2762 ulva

389 2794 537 2855 Cerberus
551 2797 626 2856 haec
640 2796 745 2873 ingens
758 2796 865 2855 latratu
879 2813 969 2873 regna
982 2794 1096 2856 trifauci

350 2888 500 2961 Personat,
517 2890 641 2950 adverso
654 2892 802 2951 recubans
816 2888 952 2948 immanis
965 2888 996 2947 iu
1011 2899 1104 2948 antro.

350 2980 406 3041 Cui
421 2991 511 3055 vates,
526 2982 643 3043 horrere
657 2983 763 3044 videns
775 2986 842 3061 jam·
851 2983 929 3043 colla
942 2980 1079 3055 colubris,

350 3074 443 3146 Melle
457 3086 625 3151 soporatam
640 3087 671 3137 et
684 3076 839 3137 medicatis
854 3070 985 3155 frugibus
999 3075 1089 3135 offam
1283 3106 1321 3142 ρο

349 3167 469 3243 Objicit.
513 3169 570 3228 Ille
583 3170 660 3229 fame
675 3167 779 3230 rabida
793 3170 848 3230 tria
861 3180 978 3247 guttura
991 3169 1126 3246 pandens

349 3260 479 3337 Corripit
492 3263 650 3338 objectam,
666 3249 755 3339 atque
770 3262 910 3323 immania
925 3274 1006 3340 terga
1019 3259 1139 3321 resolvit

349 3354 445 3413 Fusus
459 3354 550 3428 humi,
565 3366 688 3432 totoque
703 3356 807 3433 ingens
822 3356 990 3416 extenditur
1003 3364 1097 3414 antro.

349 3446 487 3523 Occupat
498 3438 620 3507 'Aeneas
634 3448 747 3508 aditum
761 3449 885 3509 custode
901 3449 1026 3525 sepulto,

350 3539 515 3616 Evaditque
530 3542 608 3601 celer
620 3540 716 3619 ripam
728 3541 920 3601 irremeabilis
934 3542 1039 3601 undae.

390 3632 542 3701 Continuo
555 3634 672 3695 auditae
686 3654 783 3711 voces
790 3634 905 3711 vagitus
920 3646 949 3694 et
963 3632 1068 3710 ingens

350 3726 560 3803 Infantumque
575 3726 690 3787 animae
705 3728 813 3787 flentes
826 3727 858 3785 in
872 3726 973 3786 limine
986 3725 1091 3803 primo,

350 3819 434 3894 Quos
449 3818 543 3879 dulcis
557 3818 634 3879 vitae
647 3831 780 3881 exsortes
794 3830 824 3879 et
838 3821 877 3879 ab
891 3820 981 3879 ubere
996 3829 1096 3896 raptos
