3017 4700
573 410 730 454 AENEIDOS
750 410 808 454 LIB.
832 411 852 454 1.

227 557 294 631 Jam
308 555 424 614 coelum
437 564 603 633 terramque
617 575 685 616 meo
700 555 764 616 sine
778 557 908 630 numine,
923 556 1022 630 Venti,

228 649 364 721 Miscere,
381 657 410 706 et
424 656 521 707 tantas
535 650 651 708 audetis
665 649 770 708 tollere
784 650 899 708 moles?

228 741 311 814 Quos
325 744 451 819 ego-l
484 742 544 800 Sed
559 751 656 801 motos
670 751 802 818 praestat
815 761 994 818 componere
1008 741 1122 804 fluctus.
1164 772 1199 811 13⁵

228 836 300 893 Post
314 833 386 893 mihi
400 852 460 892 non
476 832 564 892 simili
578 851 677 910 poena
691 833 851 894 commissa
865 835 972 894 luetis*

203 947 210 956 ·
228 929 376 986 Maturate
390 927 498 1004 fugam,
514 927 635 1004 regique
651 928 725 986 haec
739 927 830 986 dicite
844 936 960 987 vestro:

181 1010 186 1014 ’
227 1021 297 1078 Non
311 1019 354 1078 illi
369 1019 526 1095 imperium
541 1019 639 1097 pelagi
653 1038 834 1096 saevumque
848 1019 1016 1094 tridentem,

226 1112 285 1171 Sed
299 1112 371 1170 mihi
386 1122 466 1171 sorte
481 1113 590 1172 datum.
633 1114 732 1171 Tenet
745 1112 796 1172 ille
811 1109 950 1172 immania
964 1131 1043 1188 saxa,

225 1205 358 1278 VestraS,
375 1206 461 1278 Eure,
477 1205 584 1264 domos
592 1225 601 1278 3
621 1205 672 1264 illa
686 1223 719 1264 se
738 1206 831 1281 jactet
845 1203 875 1262 in
891 1206 957 1265 aula

226 1298 348 1380 Aeolus,
364 1307 395 1356 et
408 1299 509 1356 clauso
523 1306 679 1375 ventorum
693 1315 813 1406 caraea
825 1307 934 1375 regnet.

266 1390 315 1450 Sic
329 1390 377 1463 ait,
393 1401 423 1449 et
437 1390 517 1449 dicto
531 1390 619 1450 citius
632 1368 890 1466 iiiiiida'aequora
903 1391 1016 1466 placat,

215 1482 435 1558 ·Collectasque
449 1476 532 1560 fugat
545 1475 809 1558 nubes'soleiuque
823 1483 945 1543 reducit.

174 1616 177 1622 -
226 1576 399 1653 Cymothoe·
406 1574 492 1633 simul
506 1585 536 1634 et
550 1575 653 1634 Triton
670 1575 796 1634 adnixus
811 1586 898 1634 acuto

126 1749 129 1754 1
227 1667 398 1727 Detrudunt
412 1687 504 1726 naves
519 1669 663 1744 scopulo;
684 1669 762 1727 levat
777 1669 841 1745 ipse
855 1668 995 1743 tridenti3
1093 1682 1150 1727 tuf*
1163 1677 1251 1748 Aegy
1296 1659 1329 1730 rs}
1343 1665 1371 1754 „³

160 1774 167 1783 ·
225 1761 264 1818 Et
276 1770 375 1836 vastas
390 1760 485 1837 aperit
500 1762 609 1838 Syrtes,
626 1770 656 1820 et
683 1771 818 1837 emperat
832 1779 949 1837 aequor,
1151 1756 1154 1768 '

189 1930 191 1935 Ι
223 1855 323 1928 Atque
338 1853 411 1912 rotis
425 1872 555 1936 summas
570 1852 684 1912 levibus
698 1853 861 1930 perlabitur
875 1855 978 1912 undas
1025 1868 1031 1877 ·

223 1948 269 2005 Αο
282 1947 373 2005 veluti
388 1945 497 2024 magno
511 1947 541 2003 in
556 1946 668 2022 populo
683 1965 774 2022 quum
788 1965 878 2022 saepe
893 1955 994 2005 coorta
1008 1955 1053 2006 est

225 2038 347 2112 Sediti0,
363 2039 515 2114 saevitque
530 2037 636 2097 animis
651 2037 783 2115 ignobile
797 2039 910 2116 vulgus,

221 2134 348 2209 Jamque·
362 2131 442 2192 faces
457 2141 487 2191 et
501 2151 572 2190 saxa
585 2131 735 2190 volant-
744 2131 823 2190 furor
837 2149 918 2189 arma
932 2129 1127 2189 ministrat—
1161 2157 1198 2194 150
1303 2129 1305 2132 ’

225 2227 312 2299 Tum,
327 2226 437 2302 pietate
451 2242 570 2302 gravem
584 2215 620 2282 ac
634 2222 748 2282 meritis
764 2222 788 2282 si
803 2223 878 2282 sorte
892 2222 986 2281 virum
1002 2233 1090 2297 qu'em

189 2331 193 2338 ’
223 2320 422 2396 Conspexere,
438 2318 528 2377 silent
541 2316 721 2393 arrectisque
735 2317 854 2376 auribus
868 2315 1005 2390 adstant,¹

223 2414 279 2472 Ille
294 2414 369 2491 regit
383 2411 470 2472 dictis
483 2411 607 2485 animos,
623 2421 653 2470 et
667 2420 789 2488 pectora
803 2412 912 2470 mulcet
926 2432 931 2470 :
1011 2442 1015 2453 .

221 2507 269 2565 Sic
283 2515 406 2565 cunctus
421 2505 518 2582 pelagi
533 2498 641 2589 cecidit
655 2505 761 2582 fragor,
777 2522 905 2580 aequora
919 2511 1078 2579 postquam

22 2590 30 2607 “
132 2669 135 2675 ¹
222 2598 411 2674 Prospiciens
425 2598 542 2675 genitor
555 2598 699 2673 coeloque
713 2598 849 2656 intectus
864 2606 966 2674 aperto
1161 2624 1197 2661 1⁵⁵

222 2691 329 2759 Flectit
343 2710 436 2767 equos
450 2710 597 2766 curruque
610 2692 715 2750 volans
730 2691 783 2750 dat
796 2692 858 2749 lora
872 2688 1063 2777 secundm!

262 2785 381 2844 Defessi
395 2783 566 2857 Aeneadae,
582 2802 657 2858 quae
671 2784 806 2859 proxima
820 2783 913 2855 litora,
930 2801 1018 2841 cursu

222 2877 417 2937 Contendunt
430 2886 540 2953 petere,
556 2886 586 2935 et
601 2876 713 2955 Libyae
728 2886 881 2935 vertuntur
894 2877 933 2935 ad
947 2896 1023 2936 oras.

221 2971 276 3030 Est
291 2969 321 3028 in
336 2986 457 3029 secessu
471 2968 560 3045 longo
574 2970 675 3028 locus:
696 2970 793 3027 insula
807 2979 924 3045 portum

221 3064 319 3123 Efficit
334 3064 454 3138 objectu
468 3056 601 3135 laterurri,
612 3058 725 3138 ''quibus
740 3062 837 3121 omnis
853 3062 890 3119 ab
906 3062 966 3121 alto
1160 3074 1196 3113 160

221 3155 379 3233 Frangitur
392 3154 483 3230 inque
497 3154 579 3217 sinus
594 3153 703 3213 scindit
717 3172 783 3213 sese
797 3154 877 3213 unda
891 3154 1029 3213 reductos
1042 3175 1050 3227 ;

221 3246 304 3305 Hinc
318 3237 407 3323 atque
415 3246 491 3312 ⁴hinc
501 3254 604 3304 vastae
618 3245 706 3322 rupes
721 3245 890 3324 geminique
905 3246 1054 3305 minantur

220 3343 257 3398 In
272 3340 388 3400 coelum
403 3339 527 3415 scopuli,
544 3356 669 3413 quorum
683 3339 740 3397 sub
753 3339 864 3397 vertice
878 3339 936 3398 late

219 3435 359 3508 Aequora
373 3441 436 3493 tuta
450 3426 559 3505 silent3
578 3441 641 3490 tum
656 3430 737 3489 silvis
752 3448 842 3490 scena
856 3430 987 3505 coruscis

219 3526 357 3601 Desuper
370 3524 561 3599 horrentique
575 3532 670 3582 atrum
684 3542 789 3582 nemus
804 3524 937 3583 imminet
950 3525 1055 3583 umbra
1067 3544 1076 3599 ;

220 3618 331 3676 Fronte
345 3618 402 3676 sub
416 3616 539 3675 adversa
554 3614 685 3691 scopulis
699 3616 900 3692 pendentibus
915 3628 1039 3690 antrum,

218 3712 305 3769 Intus
320 3728 415 3785 aquae
429 3709 532 3769 dulces
546 3708 673 3784 vivoque
688 3708 794 3769 sedilia
809 3730 889 3783 sarm,

218 3804 421 3881 Nympharum
437 3802 562 3862 domus:
582 3800 630 3862 hic
643 3802 739 3863 fessas
753 3822 814 3863 non
825 3803 944 3863 vincula
958 3820 1049 3863 naves
