3017 4700
307 373 364 444 1⁶4
618 390 644 433 r.
662 389 797 434 vmcnu
820 391 962 436 uanours

304 533 391 607 Quae
406 530 530 594 Phoebo
544 544 629 611 pater
642 536 840 614 omnipotens,
856 536 928 596 mihi
943 536 1082 598 Phoebus
1098 539 1208 616 Apollo

304 625 461 700 Praedixit,
476 627 561 687 vobis
576 627 728 688 Furiarum
742 648 800 708 ego
814 629 942 690 maxima
955 631 1065 706 pando.

305 721 422 779 Italiam
436 741 523 781 cursu
535 723 645 798 petitis,
659 723 817 799 ventisque
831 723 945 784 vocatis

304 813 391 873 Ibitis
406 814 531 888 Italiam,
547 825 707 892 portusque
721 815 829 876 intrare
841 815 964 892 ,licebit3

303 906 362 966 Sed
377 926 437 966 non
453 918 521 968 ante
536 909 636 967 datam
650 907 773 985 cingetis
787 908 943 970 moenibus
957 911 1069 984 urbem,

303 999 403 1073 Quam
416 1019 470 1060 vos
484 1001 547 1060 dira
560 1002 654 1062 fernes
668 1013 846 1078 nostraeque
860 1002 967 1078 injuria
979 989 1079 1064 caedis
1112 1033 1117 1048 ι

303 1093 450 1152 Ambesas
458 1093 580 1170 ¹subigat
593 1093 678 1154 malis
692 1096 846 1154 absumere
860 1115 986 1156 mensas.

303 1185 394 1260 Dixit,
411 1197 441 1246 et
455 1187 486 1246 in
500 1187 603 1246 silvam
616 1187 723 1264 pennis
736 1189 836 1248 ablata
849 1189 961 1266 refugit.
1068 1232 1072 1240 -

302 1283 344 1340 At
358 1280 445 1340 sociis
461 1280 558 1340 subita
569 1281 686 1358 gelidus
700 1281 857 1341 formidine
872 1283 989 1360 sanguis

302 1373 457 1451 Deriguit3
477 1375 610 1434 cecidere
624 1375 715 1434 animi
728 1397 736 1450 ;
757 1395 814 1436 nec
824 1377 886 1454 jam
901 1375 1025 1452 amplius
1040 1376 1135 1452 armis,
1229 1407 1232 1414 ¹

301 1467 362 1527 Sed
376 1467 453 1526 votis
466 1468 662 1544 precibusque
674 1470 782 1543 jubent
796 1487 956 1545 exposcere
970 1489 1082 1546 pacem,

305 1559 374 1620 Sive
388 1561 471 1634 deae,
488 1579 540 1620 seu
554 1559 612 1619 sint
626 1561 707 1620 dirae
721 1561 929 1638 obscenaeque
943 1563 1083 1624 volucres
1174 1569 1176 1572 ’

302 1654 341 1712 Et
349 1664 438 1729 'pater
452 1653 600 1714 Anchises
614 1653 710 1730 passis
724 1655 763 1714 de
777 1654 861 1714 litore
875 1655 981 1731 palmis

301 1747 433 1806 Numina
446 1766 554 1822 magna
566 1757 662 1820 vocat,
677 1748 856 1824 meritosque
871 1747 975 1808 indicit
989 1749 1134 1810 honores:

301 1814 350 1913 bi,
365 1839 521 1916 prohibete
536 1839 649 1913 minas;
670 1839 709 1913 di,
725 1841 815 1900 talem
829 1840 949 1902 avertite
964 1861 1072 1915 casum,

301 1934 341 1992 Et
355 1931 464 2009 placidi
478 1943 590 1992 servate
605 1932 688 2010 piosl
730 1935 808 1992 Tum
824 1933 908 1994 litore
922 1935 1022 1996 funem

300 2025 452 2102 Deripere‚
469 2045 668 2102 excussosque
681 2027 767 2102 jubet
780 2027 878 2088 laxare
893 2029 1038 2087 rudentes.

299 2119 442 2179 Tendunt
455 2120 521 2178 vela
536 2119 608 2178 Noti
620 2141 628 2192 ;
647 2119 773 2196 fugimus
788 2119 992 2196 spumantibus
1006 2119 1101 2194 undis,

299 2212 369 2287 Qua
381 2233 501 2274 cursum
514 2224 677 2290 ventusque
691 2215 931 2292 gubernatorque
944 2215 1078 2274 vocabat.

297 2309 365 2384 Jam
379 2307 480 2368 medio
495 2318 618 2385 apparet
635 2308 726 2368 fluctu
740 2327 897 2381 nemorosa
910 2307 1076 2385 Zacynthos

298 2401 530 2478 Dulichiumque
546 2400 699 2478 Sameque
709 2413 739 2461 et
753 2402 872 2462 Neritos
887 2402 979 2461 ardua
992 2402 1078 2461 saxis.

246 2480 273 2569 ⁹,
299 2494 462 2571 Effugimus
476 2486 616 2571 scopulos
631 2495 762 2568 Ithacae,
779 2494 896 2555 Laertia
910 2514 1007 2571 regna,

299 2589 338 2646 Et
352 2597 456 2647 terram
472 2589 604 2649 altricem
618 2588 698 2647 saevi
712 2607 897 2649 exsecramur
912 2587 1001 2649 Ulixi.

298 2682 374 2738 Mox
388 2690 417 2740 et
432 2682 580 2740 Leucatae
595 2680 732 2741 nimbosa
745 2680 899 2741 cacumina
912 2679 1021 2741 montis

298 2774 337 2831 Et
351 2772 524 2833 formidatus
539 2775 638 2835 nautis
652 2775 780 2852 aperitur
793 2775 912 2851 Apollo.

298 2868 391 2926 Hunc
405 2866 532 2943 petimus
546 2866 615 2927 fessi
629 2879 659 2927 et
672 2887 780 2945 parvae
794 2866 979 2927 succedimus
993 2866 1077 2941 urbi;

298 2961 418 3018 Ancora
432 2958 470 3019 de
484 2979 572 3036 prora
583 2961 697 3037 jacitur,
713 2972 792 3021 stant
806 2961 890 3021 litore
905 2980 1029 3037 puppes,
1051 2974 1065 3033 t

339 3054 417 3130 Ergo
427 3052 579 3129 ,insperata
592 3056 713 3147 tandem
727 3056 831 3147 tellure
844 3052 931 3131 potiti

270 3133 275 3148 ’
297 3118 526 3223 Lustraniurque
560 3146 608 3206 ovi
618 3147 758 3224 'votisque
773 3118 962 3258 iqcendimus‘
973 3166 1047 3221 aras,

297 3208 444 3330 Actiaq'ue
460 3239 558 3336 Iliafis
573 3220 962 3335 celebiamus'litoraxludisj

293 3333 446 3420 Exercent
460 3332 568 3439 patrips
582 3334 651 3393 oleo
664 3334 784 3412 labente
798 3335 958 3423 palaestras

298 3423 411 3494 Nudati
425 3425 518 3499 socii3
536 3408 923 3516 deattexos'issetoqdrbes

297 3505 640 3608 Argolicassniediosque
654 3520 754 3622 fugam
768 3519 965 3623 tenuisse-peq
977 3520 1109 3597 hostess

297 3610 416 3668 Interea
430 3615 569 3688 magnum
585 3612 630 3669 sol
643 3610 881 3671 circumvolvitur
894 3631 1013 3685 annum,

297 3703 337 3761 Et
350 3701 480 3779 glacialis
494 3702 589 3762 hiems
603 3702 791 3779 aquilonibus
806 3714 922 3781 asperat
935 3705 1037 3764 undas.

296 3796 462 3880 herecavo
476 3796 618 3888 clipeum,x
629 3796 728 3872 magni
741 3807 895 3873 gestamen
910 3797 1045 3871 Abantis,
