3017 4700
522 440 524 443 Ι
620 376 780 422 mammos
801 375 859 420 ura.
885 375 904 417 1.
1032 397 1038 410 ·
1196 381 1250 437 1²9

277 521 353 596 Quis
366 538 462 598 genus
475 521 661 594 Aeneadum,
676 519 744 598 quis
758 521 866 599 Trojae
881 518 995 580 nesciat
1009 519 1120 594 urbem,
1216 536 1252 586 ⁵6⁵

276 613 468 690 Virtutesque
482 615 629 691 virosque,
644 625 695 674 aut
708 615 783 676 tanti
797 613 937 674 incendia
951 612 1021 674 belli
1030 616 1075 706 ἐκ

220 735 224 739 ·
277 709 347 766 Non
362 707 491 766 obtunsa
504 707 581 768 adeo
594 718 745 785 gestamus
759 718 880 783 pectora
895 707 998 779 Poeni,

277 802 344 860 Nec
357 811 417 858 tam
432 819 552 860 aversus
568 819 661 876 equos
676 800 766 878 Tyria
780 800 830 860 Sol
849 798 946 876 jungit
959 800 998 858 ab
1012 801 1091 860 urbe.

277 895 336 952 Seu
348 911 402 952 vos
417 893 600 968 Hesperiam
613 910 751 969 magnam
766 891 959 968 Saturniaque
974 909 1051 966 arva,

279 985 347 1045 Sive
362 984 464 1064 Erycis
479 987 728 1068 lines'regernque
742 983 853 1060 optatis
867 986 1007 1058 Acesten,

277 1077 398 1140 Auxilio
412 1087 493 1138 tutos
507 1077 662 1151 dimittam,
677 1076 845 1162 opibusque
863 1077 980 1156 juvabo.

276 1171 375 1230 Vultis
390 1171 481 1230 ethis
496 1189 613 1232 mecum
626 1171 737 1248 pariter
751 1168 908 1230 considere
922 1169 1042 1248 reguis?

277 1264 392 1324 Urbem
406 1284 496 1340 quam
509 1273 616 1337 statuo,
632 1274 731 1324 vestra
744 1273 811 1336 est;
831 1261 987 1322 subducite
1001 1283 1091 1326 naves
1103 1285 1112 1339 ς

276 1357 355 1416 Tros
369 1358 534 1435 Tyriusque
548 1358 621 1417 mihi
635 1359 718 1416 nullo
732 1355 904 1432 discrimine
919 1365 1028 1434 agetur.
1041 1389 1128 1432 s

278 1451 378 1525 Atque
392 1451 504 1509 utinam
518 1469 569 1510 rex
583 1452 649 1528 ipse
662 1453 746 1511 Noto
761 1449 933 1525 compulsus
948 1449 1055 1510 eodem

278 1543 393 1602 Alsoret
407 1546 544 1604 Aeneas!
567 1543 714 1620 Equidem
728 1559 783 1620 per
797 1543 882 1602 litora
895 1552 993 1603 certos

278 1634 434 1694 Dimittam
448 1647 478 1695 et
492 1637 603 1715 Libyae
617 1638 741 1697 lustrare
755 1647 888 1696 extrema
907 1635 1030 1712 jubebo,

278 1728 308 1788 Si
322 1729 430 1804 quibus
444 1731 556 1804 ejectus
571 1730 651 1788 silvis
665 1741 715 1790 aut
728 1731 851 1790 urbibus
867 1738 951 1788 errat.

318 1822 378 1880 His
392 1822 523 1881 animum
537 1822 643 1882 arrecti
656 1823 745 1882 dictis
758 1831 789 1882 et
803 1823 887 1884 fortis
903 1821 1035 1883 Achates

278 1915 316 1972 Et
329 1924 414 1991 pater
428 1917 548 1974 Aeneas
564 1915 741 1994 jamdudum
753 1933 909 1992 erumpere
924 1916 1035 1974 nubem

278 2007 441 2066 Ardebant.
485 2008 568 2066 Prior
582 2011 707 2068 Aenean
721 2009 881 2084 compellat
897 2009 1048 2068 Achates:

278 2101 357 2158 Nate
372 2100 437 2173 dea,
453 2120 529 2176 quae
544 2120 624 2160 nunc
637 2100 737 2160 anirno
750 2101 899 2160 sententia
913 2100 1026 2177 surgit?

194 2225 201 2239 ·
277 2193 388 2251 Omnia
402 2203 467 2253 tuta
478 2193 572 2266 vides,
587 2195 715 2254 classem
729 2194 887 2270 sociosque
901 2203 1045 2269 receptos.

277 2286 367 2346 Unus
381 2286 475 2361 abest,
489 2287 590 2346 medio
605 2288 635 2346 in
649 2288 739 2346 fluctu
753 2307 842 2364 quem
856 2287 983 2346 vidimus
998 2285 1055 2363 ipsi

279 2380 469 2439 Submersum
480 2404 490 2455 3
510 2381 596 2441 dictis
611 2383 795 2459 respondent
808 2392 907 2441 cetero
921 2381 1028 2441 matris

277 2473 337 2531 Vix
350 2492 386 2532 ea
400 2473 478 2557 latus
492 2485 562 2547 erat,
577 2494 669 2551 quum
682 2476 859 2535 circumfusa
872 2466 994 2552 repente
1023 2474 1024 2477 ’

212 2616 216 2623 .
279 2567 393 2627 Scindit
406 2585 439 2627 se
454 2570 549 2627 nubes
564 2578 594 2627 et
607 2569 638 2627 in
651 2569 773 2629 aethera
786 2578 892 2647 purgat
905 2578 1048 2645 apertum.

278 2660 402 2720 Restitit
417 2663 538 2721 Aeneas
551 2663 689 2737 claraque
703 2662 735 2721 in
748 2663 815 2723 luce
829 2662 949 2735 relirlsit,

277 2754 322 2814 Os
336 2755 608 2829 humerosquedeo
622 2755 746 2829 similis;
767 2774 895 2831 namque
909 2754 974 2832 ipsa
988 2737 1127 2828 decoram

277 2845 448 2907 Caesariem
463 2857 534 2906 nato
547 2848 682 2924 genetrix
695 2849 855 2923 lumenque
874 2850 1014 2924 juventae

278 2942 462 3015 Purpureum
474 2950 506 2999 et
520 2940 615 2998 laetos
629 2941 723 3000 oculis
737 2942 849 2999 afflarat
863 2942 1011 2999 honores:

277 3032 373 3106 Quale
387 3051 493 3095 manus
507 3032 621 3092 addunt
635 3034 719 3093 ebori
732 3035 835 3115 decqs',
850 3044 901 3093 aut
914 3032 965 3093 ubi
979 3033 1056 3093 flavo
1121 3050 1123 3053 ·

257 3195 265 3203 η
278 3126 442 3203 Argentum
457 3125 598 3185 Pariusve
610 3125 687 3203 lapis
700 3127 900 3186 circumdatur
913 3145 993 3187 auro

252 3233 257 3246 ¹
275 3220 356 3277 Turn
369 3217 413 3277 sic
426 3217 558 3294 reginam
570 3219 738 3295 alloquitur,
753 3219 928 3295 cunctisque
942 3229 1065 3295 repente

277 3310 452 3387 inprovisus
466 3312 526 3370 ait:
547 3311 665 3383 Coram,
681 3330 770 3387 quem
785 3305 932 3388 quaeritis
947 3312 1063 3386 adsum,

276 3404 385 3463 Troius
397 3404 526 3475 Aeneas,
542 3402 661 3480 Libycis
675 3414 795 3479 ereptus
810 3404 848 3463 ab
862 3405 959 3467 undis.

277 3497 305 3555 0
320 3497 385 3555 sola
399 3496 537 3554 infandos
551 3496 661 3571 Troiae
674 3496 814 3557 miserata
827 3496 954 3570 labores,

277 3590 364 3662 Quae
377 3608 442 3661 nos,
458 3587 599 3669 reliquias
613 3590 760 3661 Danaum,
776 3600 931 3665 terraeque
945 3588 1095 3665 marisque

277 3680 426 3743 Omnibus
439 3682 599 3740 exhaustos
616 3682 679 3759 jam
692 3681 820 3755 casibus,
837 3683 969 3744 omnium
983 3701 1105 3761 egenos,

277 3775 371 3848 Urbe,
387 3775 487 3849 domo,
502 3773 608 3848 socias,
623 3784 722 3853 grates
735 3775 904 3851 persolvere
919 3776 1026 3855 dignas
1216 3789 1255 3831 σω

556 3879 570 3917 ⁹
