3017 4700
531 403 738 446 METAMORPH.
762 402 820 444 LIB.
843 401 908 443 Vlll.

238 549 315 606 Tum
329 547 391 607 lino
405 547 518 608 medias
533 558 562 608 et
577 547 652 609 ceris
667 547 767 626 alligat
780 547 863 620 imas,

237 643 336 716 Atque
351 639 392 700 ita
407 641 586 718 compositas
601 660 692 718 parvo
707 639 876 705 curvamine
889 638 990 714 flectit,

238 735 282 792 Ut
295 753 379 792 veras
393 733 523 794 imitetur
536 728 612 816 aies.
657 736 733 792 Puer
747 736 850 798 Icarus
864 752 925 792 una

238 828 340 886 Stabat
354 837 392 900 et,
408 826 525 904 ignarus
540 832 593 887 su'a
607 845 638 886 se
653 837 778 886 tractare
791 825 909 902 pericla,

238 920 297 978 Ore
312 919 457 979 renidenti
472 921 572 993 mod0,
588 938 662 996 quas
676 938 750 996 vaga
763 929 896 979 moverat
909 938 988 992 aura,

239 1014 387 1088 Captabat
402 1014 526 1090 plumas,
542 1013 648 1073 flavam
662 1013 753 1072 modo
768 1011 876 1088 pollice
890 1031 988 1072 ceram

239 1105 377 1165 Mollibat
391 1107 516 1182 lusuque
529 1125 583 1165 suo
597 1104 730 1166 mirabile
745 1105 836 1182 patris

238 1197 427 1274 Impediebat
440 1218 523 1276 opus.
567 1199 728 1274 Postquam
745 1217 850 1258 manus
863 1196 968 1258 ultima
981 1196 1095 1275 coeptis
1171 1229 1209 1256 »ω

238 1291 383 1368 Imposita
397 1302 450 1365 est,
466 1291 599 1370 geminas
614 1291 712 1370 opifex
726 1290 843 1351 libravit
856 1290 887 1350 in
902 1292 963 1351 alas

237 1385 307 1460 Ipse
322 1403 406 1444 suum
421 1403 536 1462 corpus,
552 1395 693 1460 motaque
707 1383 850 1462 pependit
864 1384 895 1442 in
909 1404 986 1443 aura.

237 1477 359 1536 Instruit
373 1487 403 1536 et
416 1488 527 1551 natum,
545 1477 709 1554 Medioque
724 1488 757 1537 ut
770 1477 863 1537 limite
877 1497 984 1551 cumas,

237 1571 329 1643 Icare,
344 1569 393 1644 ait,
409 1589 527 1644 moneo,
542 1591 589 1644 ne,
606 1571 630 1630 si
645 1569 800 1630 demissior
814 1570 879 1644 ibis,

237 1664 329 1722 Unda
341 1674 442 1740 gravet
455 1682 588 1740 pennas;
608 1663 634 1724 si
648 1663 762 1738 celsior,
778 1663 855 1740 ignis
869 1664 980 1723 adurat.

237 1757 320 1815 Inter
334 1769 491 1832 utrumque
505 1758 590 1816 vola!
632 1759 662 1817 N
663 1777 697 1817 ec
712 1769 741 1816 te
756 1768 889 1834 spectare
903 1758 1020 1817 Booten

236 1851 297 1908 Aut
312 1849 440 1909 Helicen
453 1851 545 1926 jubeo
559 1849 750 1926 strictumque
766 1849 886 1911 Orionis
899 1869 1020 1924 ensem,

237 1943 289 2001 Me
304 1943 379 2002 duce
394 1962 481 2020 carpe
495 1943 590 2002 viam!
633 1942 744 2003 Pariter
757 1953 916 2020 praecepta
929 1942 1049 2006 volandi

145 2025 149 2034 ’
236 2034 347 2109 Tradit,
364 2047 393 2096 et
407 2035 523 2113 ignotas
537 2035 665 2095 humeris
680 2037 888 2096 accommodat
902 2038 972 2096 alas.

238 2131 320 2202 Inter
333 2148 407 2205 opus
422 2130 609 2206 monitusque
623 2148 717 2206 genae
731 2130 871 2190 maduere
885 2129 994 2188 seniles

238 2223 276 2281 Et
290 2221 557 2304 patriaetremuere
571 2240 684 2282 manns.
728 2222 821 2282 Dedit
834 2224 936 2282 oscula
950 2232 1022 2281 nato

237 2316 306 2375 Non
321 2313 426 2375 iterum
440 2316 602 2393 repetenda
616 2333 678 2390 suc,
694 2315 858 2393 pennisque
872 2316 985 2376 levatus

235 2410 314 2468 Ante
328 2410 416 2483 volat,
433 2409 594 2487 comitique
608 2408 700 2483 timet,
715 2411 796 2470 velut
809 2410 879 2484 ales,
894 2411 933 2469 ab
947 2411 1008 2469 alto

236 2503 321 2577 Quae
336 2512 467 2561 teneram
481 2504 595 2579 prolem
609 2502 747 2579 produxit
760 2503 791 2561 in
806 2506 874 2563 aera
888 2502 960 2563 nido

237 2596 439 2671 Hortaturque
454 2596 537 2671 sequi
552 2596 771 2672 damnosasque
786 2596 881 2656 erudit
895 2606 980 2669 artes,

236 2688 274 2747 Et
288 2698 389 2747 movet
403 2687 466 2765 ipse
482 2707 548 2748 suas
563 2699 593 2748 et
607 2688 669 2749 nati
683 2689 801 2767 respicit
815 2691 884 2749 alas.

236 2781 304 2839 Hos
318 2779 431 2856 aliquis,
444 2783 568 2841 tremula
583 2782 653 2841 dum
668 2793 768 2859 captat
782 2782 924 2843 arundine
938 2781 1043 2860 pisces,
1070 2828 1075 2837 .

234 2872 295 2929 Aut
309 2882 411 2947 pastor
424 2872 532 2931 baculo
547 2872 658 2931 stivave
672 2871 789 2933 innixus
803 2884 900 2933 arator

234 2963 326 3023 Videt
341 2975 370 3024 et
385 2964 545 3041 obstupuit,
561 2964 673 3042 quique
687 2967 807 3025 aethera
823 2986 942 3043 carpere
955 2976 1086 3043 possent,

236 3056 370 3117 Credidit
385 3076 450 3117 esse
465 3058 545 3117 deos.
589 3060 628 3119 Et
638 3060 701 3139 jam
714 3060 847 3135 Junonia
859 3061 944 3119 laeva

236 3151 322 3209 Parte
338 3151 443 3209 Samos
458 3151 571 3210 luera'nt
586 3152 738 3227 Delosque
754 3154 904 3228 Parosque
915 3150 1045 3230 relictae,

236 3243 348 3301 Dextra
361 3232 533 3321 Lebynthos
549 3255 610 3303 erat
623 3245 810 3320 secundaque
824 3245 912 3304 melle
927 3246 1080 3322 Calymne,

235 3336 335 3410 Quum
350 3355 423 3411 puer
437 3335 541 3395 audaci
556 3336 655 3413 coepit
668 3338 796 3414 gaudere
810 3339 912 3397 volatu

236 3427 432 3504 Deseruitque
447 3430 562 3501 ducem,
579 3428 715 3506 coelique
728 3429 868 3506 cupidine
882 3440 978 3490 tactus

235 3519 333 3579 Altius
347 3520 406 3597 egit
420 3520 481 3581 iter.
526 3521 636 3598 Rapidi
650 3520 758 3582 vicinia
772 3522 843 3582 solis

236 3614 336 3672 Mollit
350 3614 495 3687 odoratas,
511 3633 675 3691 pennarum
689 3614 815 3689 vincula,
826 3634 916 3676 ceras

235 3706 405 3766 Tabuerant
419 3726 521 3767 cerae:
542 3707 639 3767 nudos
656 3706 753 3783 quatit·
765 3707 814 3767 ille
832 3709 966 3783 lacertos,

237 3798 433 3878 Remigioque
447 3819 551 3861 carens
565 3818 627 3859 non
640 3800 715 3860 ullas
729 3801 854 3879 percipit
868 3821 975 3878 auras;

435 3906 448 3943 ⁴
