3017 4700
510 406 717 450 METAMORPH.
741 407 799 450 ΜΒ.
821 407 848 449 V,

196 551 315 613 Excutit
329 554 455 613 obscura
469 551 575 613 tinctas
589 550 734 630 ferrugine
748 552 889 626 habenas,

196 649 311 723 Perque
325 647 407 706 lacus
421 647 497 707 altos
511 656 541 705 et
555 645 666 705 olentia
680 647 788 705 sulfure
802 646 891 705 fertur

196 741 305 817 Stagna
319 739 494 813 Palicorum,
509 748 596 816 rupta
609 737 752 798 ferventia
766 748 850 812 terra,

197 834 236 910 Et
250 852 309 909 qua
323 831 516 906 Bacchiadae,
531 831 636 891 bimari
650 850 723 908 gens
738 842 803 891 orta
817 829 971 905 Corinth0,

197 928 279 986 Inter
292 925 462 1001 inaequales
476 935 638 1001 posuerunt
651 923 894 1002 moenia-portus.

238 1021 291 1078 Est
305 1017 436 1078 medium
447 1019 564 1094 Cyanes
580 1028 609 1078 et
623 1017 745 1077 Pisaeae
760 1018 934 1097 Arethusae,

197 1111 288 1187 Quod
302 1110 362 1171 coit
377 1111 507 1188 angustis
522 1110 668 1186 inclusum
682 1109 830 1185 cornibus,
846 1129 975 1187 aequor:

197 1205 259 1264 Hic
272 1203 335 1278 fuit,
351 1222 369 1264 a
383 1205 467 1280 cujus
482 1213 618 1280 stagnum
632 1222 751 1280 quoque
766 1203 888 1263 nomine
902 1204 1015 1264 dictum
1029 1213 1083 1278 est,
1097 1261 1105 1267 ,

198 1300 280 1357 Inter
294 1296 436 1372 Sicelidas
451 1298 553 1373 Cyane
568 1296 759 1358 celeberrima
773 1297 936 1376 Nymphas.

197 1390 320 1469 Gurgite
335 1409 410 1468 quae
425 1389 525 1450 medio
540 1409 655 1449 summa
668 1399 754 1464 tenus
769 1389 879 1450 exstitit
893 1391 969 1466 alvo,

198 1482 389 1561 Agnovitque
404 1483 499 1558 deam,
516 1485 581 1544 Nec
596 1482 712 1560 longius
726 1482 825 1544 ibitis:
845 1482 949 1561 inquit,

198 1579 268 1635 Non
283 1585 369 1653 potes
383 1575 491 1635 invitae
506 1576 622 1636 Cereris
636 1595 727 1654 gener
741 1595 825 1636 esse:
845 1575 985 1654 roganda,

199 1671 270 1730 Non
285 1668 428 1746 rapienda
441 1667 502 1728 fuit
547 1670 637 1744 Quod
652 1668 677 1729 si
691 1689 871 1747 componere
885 1669 1000 1748 magnis

198 1765 292 1822 Parva
305 1761 378 1821 mihi
390 1762 434 1822 sas
449 1771 501 1836 est,
518 1771 548 1822 et
561 1781 609 1822 me
625 1762 727 1822 dilexit
740 1763 873 1841 Anapis3

199 1859 329 1915 Exorata
343 1866 442 1916 tamen
456 1875 520 1930 nec,
536 1865 569 1916 ut
583 1855 666 1930 haec,
682 1855 819 1917 exterrita
832 1855 928 1935 nupsi

199 1947 290 2023 Dixit,
306 1959 336 2009 et
350 1948 380 2007 in
395 1958 492 2025 partes
506 1948 635 2008 diversas
649 1949 770 2009 brachia
784 1950 911 2010 tendens

199 2041 329 2104 Obstitit
374 2042 467 2101 Haud
480 2043 556 2101 ultra
570 2041 663 2101 tenuit
678 2041 830 2102 Saturnius
844 2042 926 2115 iram,

198 2134 415 2212 Terribilesque
429 2135 562 2194 hortatus
577 2153 679 2211 equos,
691 2133 721 2194 in
735 2134 856 2212 gurgitis
870 2134 931 2194 ima

200 2227 377 2289 Contortum
390 2227 490 2287 valido
506 2237 653 2304 sceptrum
668 2228 765 2304 regale
779 2228 891 2288 lacerto

200 2318 361 2382 Condidit:
381 2319 442 2382 icta
454 2319 532 2381 viam
547 2321 634 2382 tellus
648 2320 678 2381 in
693 2323 817 2382 Tartara
830 2320 907 2395 fecit,
953 2402 956 2405 ἦ

200 2417 239 2475 Et
253 2434 362 2492 pronos
376 2433 476 2475 eunus
490 2414 590 2475 medio
604 2424 715 2474 cratere
730 2414 850 2493 recepit
942 2402 947 2407 ⁸

200 2511 241 2568 At
256 2510 366 2585 Cyane,
382 2517 556 2585 raptamque
571 2508 658 2567 deam
672 2518 882 2585 contemtaque
896 2506 987 2568 fontis

199 2603 271 2677 Jura
285 2600 330 2660 sui
344 2619 486 2674 maerens,
502 2599 716 2662 inconsolabile
730 2602 837 2661 vulnus

200 2696 305 2755 Mente
319 2692 394 2771 gerit
407 2692 504 2767 tacita,
520 2693 706 2772 lacrimisque
721 2692 884 2754 absumitur
897 2692 1003 2767 omnis,

200 2788 247 2859 Et,
263 2806 386 2863 quarum
400 2787 494 2846 fuerat
507 2806 647 2863 magnum
661 2787 753 2847 modo
768 2806 887 2861 numen,
903 2786 934 2845 in
948 2787 1013 2846 illas

201 2881 385 2940 Extenuatur
398 2898 496 2956 aquas.
540 2878 652 2939 Mollhi
666 2881 800 2939 membra
813 2879 938 2955 videres,

201 2974 278 3033 Ossa
291 2971 354 3051 pati
367 2972 469 3047 flexus,
485 2992 598 3050 ungues
613 2972 746 3050 posuisse
760 2972 906 3051 rigorem3

201 3056 358 3143 Primaque
372 3066 410 3125 de
424 3075 488 3125 tota
501 3065 672 3125 tenuissima
686 3085 822 3143 quaeque
836 3066 1012 3144 liquescunt,

202 3155 339 3220 Caerulei
353 3157 448 3218 crines
463 3157 604 3235 digitique
619 3168 649 3219 et
663 3177 747 3218 crura
760 3159 930 3236 pedesque:

202 3254 282 3311 Nam
295 3250 392 3311 brevis
406 3250 437 3310 in
451 3250 567 3329 gelidas'
578 3250 718 3311 membris
733 3251 857 3312 exilibus
871 3253 968 3319 undas

202 3343 356 3404 Transitus
371 3355 421 3404 est.
466 3347 538 3404 Post
552 3344 626 3404 haec
640 3343 755 3405 humeri
770 3354 944 3423 tergumque
958 3345 1094 3422 latusque

204 3439 388 3513 Pectoraque
403 3436 433 3496 in
448 3449 552 3498 tenues
567 3438 677 3497 abeunt
691 3437 817 3497 evanida
830 3436 928 3512 rivos,
1137 3465 1174 3505 ⁴3⁵

203 3528 347 3607 Denique*
356 3549 410 3607 pro
424 3529 492 3590 vivo
506 3528 622 3589 vitiatas
637 3529 779 3607 sanguine
794 3518 884 3591 venas
1233 3522 1235 3526 ’

203 3622 340 3702 Lympha
354 3624 442 3697 subit,
457 3634 606 3699 restatque
620 3622 694 3682 nihil
708 3625 790 3699 quod
803 3624 947 3701 prendere
960 3621 1065 3702 possis.

139 3792 142 3797 Ι
245 3718 364 3777 Interea
376 3716 501 3793 pavidae
516 3714 714 3793 nequicquam
728 3715 788 3776 filia
801 3715 887 3776 matri

204 3807 352 3871 Omnibus
367 3818 411 3870 est
425 3808 515 3884 terris,
531 3808 613 3869 omni
628 3808 762 3885 quaesita
774 3809 929 3889 profundo.
