3017 4700
540 392 716 447 mammons
737 404 795 448 nra.
819 403 859 447 vr.

226 553 358 612 Abstulit
371 549 434 612 atra
448 550 511 611 dies
526 561 557 610 et
569 540 671 610 funere
685 549 786 610 mersit
801 551 918 612 acerbo.v

227 648 295 705 Hos
307 649 392 722 juxta
405 646 479 704 falso
494 643 626 704 damnati
640 642 761 703 crimine
776 643 886 703 mortis.
1160 673 1198 712 4³0

194 744 208 780 '·
227 740 292 798 Nec
306 759 376 798 vero
390 739 446 797 hae
461 736 524 797 sine
539 747 617 796 sorte
631 737 727 809 datae,
743 735 806 796 sine
819 736 928 812 judice,
944 735 1050 798 sedes:

226 832 383 906 Quaesitor
397 830 500 890 Minos
514 848 617 889 urnam
632 839 750 903 movet;
771 828 820 889 ille
835 829 972 888 silentum

226 923 452 1000 Conciliumque
466 933 554 983 vocat
568 922 702 998 vitasque
716 925 746 982 'et
760 921 883 982 crimina
896 920 990 982 discit.
1004 981 1009 992 ,

225 1018 362 1077 Proxima
376 1017 485 1077 deinde
499 1026 602 1077 tenent
616 1014 720 1075 maesti
734 1016 809 1089 loca,
825 1015 876 1091 qui
891 1014 947 1076 sibi
961 1016 1053 1076 letum

183 1148 185 1150 -
225 1113 363 1170 Insontes
377 1129 518 1188 peperere
531 1130 630 1183 manu,
646 1111 803 1184 lucemque
817 1109 914 1185 perosi
1160 1139 1196 1178 4³⁵
1254 1141 1256 1146 ·

224 1205 378 1280 Projecere
393 1203 514 1281 animas.
558 1205 657 1278 Quam
671 1203 781 1261 vellent
793 1202 912 1262 aethere
927 1201 957 1261 in
972 1203 1033 1263 alto

224 1298 313 1356 Nunc
327 1308 357 1356 et
371 1296 541 1373 pauperiem
555 1306 585 1356 et
599 1296 829 1372 durosper'ierre
844 1295 978 1355 labores!

163 1406 181 1466 η
223 1391 281 1448 Fas
295 1391 401 1464 obstat,
417 1388 551 1465 tristique
564 1389 649 1467 palus
664 1387 830 1468 inamabilis
844 1389 925 1448 unda

224 1482 341 1558 Alligat,
358 1493 392 1542 et
401 1483 504 1542 novies
518 1485 590 1561 Styx
603 1482 746 1543 interfusa
759 1483 884 1542 coercet.
1135 1549 1137 1553 ,

223 1575 289 1634 Nee
302 1577 404 1652 procul
419 1575 489 1636 hinc
503 1587 616 1654 partem
631 1575 687 1636 fusi
701 1585 903 1635 monstrantur
917 1574 947 1633 in
961 1593 1083 1635 omnem
1158 1606 1196 1642 440

222 1670 371 1745 Lu'gentes
385 1664 501 1746 campi;
520 1669 562 1729 sic
575 1669 643 1728 illos
656 1669 779 1728 nomine
793 1667 902 1728 dicunt.

222 1760 292 1833 Hic,
308 1778 384 1836 quos
398 1762 494 1821 durus⁴
503 1782 585 1827 amor
599 1761 710 1823 crudeli
724 1764 793 1822 tabe
807 1761 930 1838 peredit,

223 1855 334 1915 Secreti
348 1856 446 1914 celant
460 1855 549 1914 calles
564 1865 594 1914 et
607 1866 720 1932 myrtea
733 1855 845 1914 circum

221 1936 300 2007 Silva
313 1948 404 2024 tegit·
424 1953 510 2006 curae
525 1966 587 2006 non
601 1947 667 2023 ipsa
680 1947 710 2005 in
726 1958 820 2006 morte
834 1946 1011 2023 relinquunt.
1038 1969 1040 1974 ¹
1091 2009 1093 2019 ,

181 2108 186 2116 ,
222 2039 282 2100 His
294 2041 458 2100 Phaedram
471 2040 661 2117 Procrimque
673 2039 754 2113 locis,
765 2050 967 2116 maestamque
978 2038 1146 2118 Eriphylen,
1156 2068 1193 2108 445

222 2130 357 2194 Crudelis
370 2132 432 2192 nati
446 2143 659 2191 monstrantem
674 2124 803 2212 vulnera,
819 2133 920 2204 cernit,

223 2205 425 2302 Evadnebque
439 2235 470 2285 et
484 2225 671 2302 Pasiphaen,
689 2225 735 2284 his
750 2225 914 2285 Laodamia

222 2321 252 2379 It
266 2338 375 2394 comes,
390 2330 421 2379 et
432 2319 548 2396 juvenis
563 2318 722 2396 quondam,
738 2337 817 2378 nunc
832 2317 949 2394 femina,
965 2319 1111 2395 Caeneus,
1181 2328 1183 2330 ’

222 2414 335 2473 Rursus
350 2424 380 2473 et
387 2412 424 2471 in
437 2423 567 2472 veterem
580 2412 641 2471 sato
655 2413 788 2471 revoluta
802 2414 943 2493 figuram*

221 2509 304 2566 Inter
317 2526 391 2583 quas
406 2504 569 2565 Phoenissa
581 2524 685 2572 recens
698 2526 717 2565 a
730 2506 849 2565 vulnere
864 2494 946 2566 Dido
1156 2536 1193 2575 4⁵0

222 2601 344 2658 Errabat
358 2598 431 2658 silva
443 2598 474 2657 in
489 2618 614 2677 magna3
631 2617 721 2676 quam
735 2598 843 2659 Troius
858 2600 944 2659 heros

149 2742 152 2746 .
221 2694 265 2752 Ut
278 2692 404 2770 primum
416 2694 501 2769 juxta
515 2692 595 2752 stetit
609 2691 788 2769 agnovitque
803 2712 856 2769 per
868 2694 1003 2753 umbram
1048 2694 1049 2699 ’

129 2820 133 2827 ·
221 2780 393 2858 Obscuram,
410 2787 528 2862 qualem
543 2784 639 2863 primo
654 2784 704 2861 qui
719 2802 836 2861 surgere
851 2804 952 2845 mense

221 2880 282 2938 Aut
295 2878 384 2953 videt,
397 2889 447 2938 aut
460 2877 569 2937 vidisse
582 2888 667 2955 putat
681 2896 734 2955 per
748 2878 850 2938 nubila
864 2879 972 2953 lunam,

220 2971 348 3031 Demisit
362 2972 504 3045 lacrimas,
520 2972 659 3048 dulcique
674 2972 779 3031 affatus
794 2990 893 3032 amore
908 2983 971 3033 est:
1043 2996 1049 3003 ·

221 3064 328 3123 Infelix
343 3064 432 3181 Dido,
446 3084 532 3124 verus
546 3064 618 3123 mihi
631 3063 752 3124 nuntius
767 3084 837 3141 ergo

219 3158 350 3217 Venerat
338 3135 547 3231 tieristinctam,
563 3158 700 3233 ferroque
713 3167 845 3217 extrema
860 3161 1011 3219 secutam?

219 3250 341 3310 Funeris
356 3251 414 3310 heu
428 3249 482 3310 tibi
496 3269 602 3309 caussa
614 3250 676 3310 fui?
717 3252 774 3309 Per
788 3250 903 3310 sidera
893 3270 968 3328 Juro,

220 3344 276 3403 Per
289 3340 415 3421 superod
425 3354 455 3404 et
469 3344 493 3402 si
507 3362 567 3420 qua
580 3332 653 3403 tides
668 3344 771 3403 tellure
786 3343 863 3403 sub
855 3363 914 3403 rma
928 3355 981 3419 est,

219 3431 342 3510 Invitus,
356 3436 464 3513 regina,
477 3446 528 3496 tuo
544 3438 582 3496 de
596 3436 681 3496 litore
695 3436 801 3497 cessi.

219 3530 279 3590 Sed
293 3550 341 3590 me
353 3532 436 3607 jussa
449 3530 547 3604 deum,
563 3537 638 3607 quae
653 3548 733 3589 nunc
746 3529 822 3589 has
814 3550 855 3590 rre
869 3522 923 3608 per
937 3533 1065 3607 umbras,

219 3625 274 3682 Per
288 3625 355 3682 loca
369 3634 453 3683 senta
467 3622 524 3682 situ
538 3632 648 3699 cogunt
662 3633 840 3699 noctemque
854 3626 1039 3701 profundam,

219 3716 353 3793 Imperiis
368 3736 455 3794 egere
469 3716 548 3790 suis;
567 3736 624 3777 nec
638 3717 758 3777 credere
772 3716 851 3793 quivi

219 3809 311 3869 Hune
325 3818 440 3869 tantum
454 3807 507 3868 tibi
521 3827 569 3869 me
584 3808 715 3869 discessu
730 3809 804 3870 ferre
819 3810 959 3871 dolorem.
