3017 4700
342 355 400 428 238
658 365 684 408 Ρ.
705 357 838 407 vrncnn
860 357 1001 406 nunonis

342 512 518 571 Pulsatusve
531 524 648 589 parens,
663 519 694 570 et
707 509 791 569 fraus
801 509 909 568 innexa
924 505 1034 580 clienti,

342 607 405 664 Aut
418 604 469 680 qui
483 602 593 663 divitiis
607 603 664 662 soli
677 602 838 661 incubuere
853 600 985 677 repertis,
1280 589 1321 654 elo

342 699 373 756 N
374 715 409 756 ec
422 705 537 773 partem
550 709 676 773 posuere
690 695 760 768 sule,
777 705 853 770 quae
869 706 1008 752 maxuma
1021 692 1108 752 turba
1121 698 1175 767 est,

342 789 463 865 Quique
477 790 517 848 ob
531 789 709 848 adulterium
723 785 811 861 caesi,
828 787 938 863 quique
953 805 1034 846 anna
1048 785 1142 846 secuti

342 882 441 959 Impia
454 899 511 941 nec
523 881 608 940 veriti
622 881 812 940 dominorum
825 880 926 939 fallere
941 879 1070 954 dextras

342 974 454 1033 Inclusi
469 993 599 1050 poenam
613 982 794 1050 exspectant
838 975 886 1032 Ne
901 989 1009 1049 quaere
1024 973 1134 1046 doceri,

341 1065 441 1140 Quam
454 1085 593 1143 poenam,
608 1075 661 1124 aut
674 1083 750 1141 quae
764 1061 862 1124 fornia·
871 1059 1120 1142 virosiortunave
1134 1065 1243 1125 mersit.
1280 1070 1318 1128 ὁτὲ

344 1160 454 1219 Saxum
468 1158 575 1236 ingens
587 1158 711 1217 volvunt
724 1157 783 1232 alii,
798 1157 947 1235 radiisqu'e
962 1169 1091 1218 rotarum

342 1250 479 1311 Districti
493 1251 647 1328 pendent3
668 1250 762 1324 sedet,
778 1261 989 1328 aeternumque
1004 1251 1128 1324 sedebit,

341 1344 451 1402 Infelix
464 1344 619 1417 Theseus;
640 1343 846 1421 Phlegyasque
861 1345 1042 1404 miserrimus
1057 1361 1161 1404 omnes

341 1425 497 1496 Admonei
510 1444 541 1494 et
554 1441 663 1514 magna
676 1447 802 1497 testatur
815 1455 892 1497 voce
904 1457 957 1514 per
970 1438 1090 1496 umbras
1103 1460 1109 1496 :

343 1529 458 1588 Discite
470 1527 614 1604 justitiam
628 1529 741 1602 moniti,
757 1539 788 1589 et
802 1548 863 1589 non
877 1540 1009 1589 temnere
1024 1530 1118 1589 divos.
1281 1545 1320 1585 σω

340 1620 487 1682 Vendidit
499 1620 548 1681 hic
562 1635 633 1682 auro
648 1623 781 1700 patriam,
797 1621 1008 1699 dominumque
1022 1632 1175 1699 potentem

342 1713 511 1790 Imposuit3
530 1714 594 1775 fixit
607 1716 689 1794 leges
703 1713 799 1792 pretio¹
814 1725 903 1791 atque
917 1716 1031 1790 refixit3

343 1808 406 1868 Hic
419 1809 583 1868 thalamum
596 1807 706 1869 invasit
719 1819 807 1868 natae
821 1809 989 1886 vetitosque
1003 1810 1182 1888 hymenaeos
1191 1831 1202 1884 3

343 1901 420 1960 Ausi
433 1913 539 1961 omnes
552 1901 681 1962 immane
695 1902 789 1976 nefas,
805 1921 938 1978 ausoque
952 1901 1045 1980 potiti.
1250 1905 1251 1908 ’

344 1995 415 2052 Non
429 1995 502 2053 mihi
517 1995 542 2054 si
557 1993 674 2074 linguae
688 2005 809 2056 centum
824 1995 884 2056 sint
898 2013 1008 2072 oraque
1023 2006 1150 2070 centum,
1166 2041 1167 2044 η
1280 2011 1318 2060 ⁶25

342 2087 452 2146 Ferrea
465 2107 531 2160 vox,
547 2104 651 2147 omnes
665 2089 809 2148 scelerum
825 2089 1036 2165 comprendere
1050 2087 1168 2163 formas,

345 2178 456 2240 Omnia
469 2196 632 2257 poenarum
646 2178 817 2258 percurrere
831 2181 952 2240 nomina
966 2181 1088 2258 possim.

386 2274 474 2332 Haec
488 2273 539 2333 ubi
554 2272 634 2333 dicta
647 2274 732 2332 dedit
746 2273 861 2332 Phoebi
876 2270 1020 2353 longaeva
1034 2273 1190 2334 sacerdos:
1259 2327 1261 2334 ,

344 2366 405 2426 Sed
417 2366 479 2445 jam
493 2385 557 2445 age,
572 2385 661 2443 carpe
674 2366 752 2425 viam
767 2376 797 2426 et
812 2376 983 2443 susceptum
996 2368 1105 2445 perfice
1120 2382 1249 2441 munus;
1307 2438 1309 2444 Ι

343 2460 563 2533 Acceleremus,
579 2460 639 2533 ait;
660 2459 825 2537 Cyclopum
840 2460 947 2519 educta
961 2460 1084 2519 caminis
1281 2472 1320 2523 6³0

343 2553 473 2612 Moenia¹
481 2552 633 2627 conspicio
647 2561 735 2627 atque
750 2553 875 2612 adverso
890 2552 1002 2612 fornice
1018 2563 1128 2629 portas,

344 2646 432 2704 Haec
445 2644 496 2704 ubi
510 2652 567 2703 n'os
581 2635 740 2722 praecepta
751 2644 859 2721 jubent
873 2645 1021 2722 deponere
1036 2646 1124 2706 dona.

344 2736 475 2810 Dixerat,
491 2746 522 2796 et
535 2736 653 2813 pariter,
668 2737 763 2815 gressi
777 2740 831 2814 per'
844 2756 938 2813 opaca
951 2739 1073 2812 viarum,

345 2829 515 2905 Corripiunt
528 2828 656 2906 spatiiun
669 2830 809 2904 medium,
826 2831 998 2908 foribusque
1012 2832 1221 2909 propinquant

345 2922 482 2999 Occupat
497 2924 617 2982 Aeneas
631 2921 753 2997 aditum,
770 2930 936 3000 corpusque
950 2924 1068 2983 recenti*
1283 2928 1321 2987 ⁶³¹⁵

344 3013 462 3092 Spargit
475 3033 560 3092 aqua,
576 3022 749 3092 ramumque
764 3018 890 3076 adverso
904 3014 934 3075 ih
951 3016 1052 3076 limine
1066 3016 1137 3093 figit.

385 3108 445 3167 His
459 3108 578 3167 demum
593 3110 713 3183 exactis,
729 3110 861 3187 perlecto
876 3127 1000 3169 munere
1014 3110 1109 3184 divae,

344 3204 502 3262 Devenere
516 3203 598 3263 locos
612 3203 710 3265 laetos
722 3214 753 3264 et
767 3222 893 3263 amoena
905 3202 1017 3281 viletta

344 3298 575 3356 Fortunatorum
590 3307 744 3357 nemorum
760 3290 908 3373 sedesque
921 3296 1033 3355 beatas.

343 3389 467 3465 Largior
480 3390 528 3449 hic
543 3402 666 3467 campos
679 3389 785 3449 aether'
798 3398 828 3449 et
842 3389 955 3448 lumine
969 3386 1058 3447 vestit

343 3470 506 3559 Purpureo,
521 3485 676 3559 solemque
690 3492 786 3557 suum,
803 3497 857 3542 sua
871 3480 969 3541 sidera
982 3489 1100 3541 norunt.

319 3566 322 3574 ’
344 3565 418 3634 Pari
432 3575 464 3634 in
476 3574 636 3654 gramineis
650 3585 796 3635 exercent·
804 3574 937 3634 niembla
950 3572 1113 3651 palaestris,

345 3668 545 3730 Contendunt·
554 3669 626 3728 ludu
640 3678 671 3728 et
684 3668 766 3728 fulva
779 3669 927 3728 luctantru
940 3680 1050 3741 arena3

346 3763 420 3821 Pars
434 3762 561 3839 pedibus
574 3761 726 3839 plaudunt*
734 3760 859 3823 choreas
873 3771 904 3822 et
917 3761 1050 3822 carminat
1063 3754 1173 3821 dicunt.
