3017 4700
591 443 749 487 nnvmnos
771 443 829 485 nm.
853 437 885 486 n.
1144 445 1224 506 ‚141
1278 464 1281 474 ·

253 588 423 668 Accingunt-
435 608 540 649 omnes
554 587 646 666 operi,
661 587 849 665 pedibusque
863 586 996 647 rotarum·
1191 609 1227 649 us

229 677 233 691 '
253 681 419 762 Subjiciunt
432 682 543 759 lapsus,
559 693 590 742 et
604 691 731 758 stuppea
743 681 863 740 viucula
876 681 955 740 collo

252 776 424 835 Intendunt
467 775 590 835 Scandit
603 774 701 834 fatalis
715 773 852 837 machina
865 789 974 846 muros,

252 870 327 931 Feta
339 869 436 928 armis.
480 867 567 927 Pueri
582 868 693 928 circum
707 867 909 944 innuptaeque
923 865 1040 943 puellae

252 963 341 1020 Sacra
355 972 473 1035 canunt,
488 963 649 1037 funemque
664 979 754 1020 manu
769 960 942 1038 contingere
955 959 1096 1038 gaudent.

253 1055 311 1113 Illa
324 1044 412 1128 subit,
428 1055 605 1130 mediaeque
619 1054 738 1112 minans
751 1053 881 1113 illabitur
894 1053 966 1112 urbi.
1192 1075 1229 1116 240

253 1147 397 1224 Opatria,
413 1166 433 1206 o
447 1147 548 1206 divum
563 1147 670 1206 domus
685 1147 784 1219 Ilium,
800 1155 831 1204 et
844 1146 955 1205 incluta
967 1143 1048 1205 bello

254 1241 378 1299 Moenia
392 1241 611 1300 Dardanidum!
633 1240 738 1316 quater·
751 1239 822 1316 ipso
831 1239 865 1298 in¹
876 1239 977 1298 Ilmine
991 1247 1095 1315 portae

255 1333 399 1407 Substitit,
414 1343 504 1410 atque
518 1342 603 1392 utero
617 1332 747 1392 sonitum
762 1341 867 1408 quater
880 1349 962 1391 arma
976 1332 1086 1392 dedere
1098 1354 1109 1408 3

223 1499 239 1515 μ
253 1428 403 1485 Instamus
419 1436 518 1485 tamen
532 1427 722 1487 immemores
735 1425 877 1502 caecique
891 1424 998 1499 surore,

223 1523 242 1565 ³
253 1520 292 1577 Et
305 1529 469 1579 monstrum
484 1519 587 1578 infelix
600 1529 716 1578 sacrata
729 1517 861 1578 sistimus
875 1535 951 1577 arce.
1014 1560 1017 1566 ·

252 1613 338 1670 Tunc
352 1611 441 1670 etiarn
455 1608 523 1670 fatis
536 1611 630 1688 aperit
644 1611 814 1673 Cassandra
827 1611 932 1670 futuris

253 1705 322 1777 Ora,
338 1704 387 1763 dei
404 1705 489 1783 jussu
503 1723 564 1764 non
579 1721 720 1780 umquam
734 1705 847 1764 credita
860 1702 993 1763 Teucris

253 1802 317 1859 Nos
332 1800 456 1859 delubra
469 1801 558 1859 deum
573 1799 680 1872 miseri,
697 1799 805 1875 quibus
819 1798 940 1858 ultimus
954 1807 1035 1858 esset

254 1894 309 1952 Ille
323 1892 395 1966 dies,
410 1893 485 1952 festa
498 1893 631 1951 velamus
644 1891 750 1950 fronde
764 1909 818 1968 per
831 1891 948 1950 urbem..
999 1962 1007 1973 .

291 1985 423 2045 Vertitur
437 1985 549 2045 interea
562 1985 679 2044 coelum
694 1992 725 2044 et
738 1984 797 2043 ruit
810 2001 924 2044 oceano
939 1985 1017 2060 Nox,
1192 2011 1230 2049 250

253 2079 413 2138 Involvens
426 2079 532 2137 umbra
545 2095 653 2154 magna
666 2086 834 2154 terramque
848 2077 1010 2153 polumque

253 2170 535 2250 Myrmidonumque
550 2171 656 2244 dolos3
676 2170 801 2249 Qiper
815 2169 933 2229 moenia
947 2169 1055 2229 Teucri

206 2320 209 2327 .
253 2264 449 2338 Conticuere;
468 2283 560 2341 sopor
573 2263 668 2324 Iessos
682 2263 889 2339 complectitur
902 2271 990 2322 artus

253 2360 292 2418 Et
308 2359 370 2437 jam
385 2359 497 2437 Argiva
509 2358 639 2436 phalanx
653 2356 1020 2418 instructis-navibenibat

253 2455 281 2510 A
295 2453 428 2526 Tenedo,
444 2452 552 2511 tacitae
566 2470 620 2529 per
633 2451 730 2511 amica
743 2450 860 2511 silentia
874 2451 962 2510 lunae
1007 2488 1010 2497 Δ
1042 2502 1045 2520 ,

253 2545 353 2605 Litora
366 2555 438 2604 nota
450 2554 540 2623 peten
580 2546 714 2603 flammas
728 2563 819 2621 quum
834 2544 915 2621 regia
927 2543 1041 2635 puppisl

253 2640 414 2712 Extulerat,
429 2638 557 2713 fatisque
571 2638 660 2697 deum
674 2636 817 2697 defensus
831 2636 941 2714 iniquis

253 2733 390 2792 Inclusus
404 2741 489 2791 utero
504 2733 627 2790 Danaos
641 2742 671 2790 et
684 2730 774 2807 pinea
788 2724 887 2790 hirtim
946 2797 951 2813 ‚

253 2828 347 2885 Laxat
360 2826 489 2885 claustra
504 2824 606 2883 Sinon.
649 2824 724 2883 Illos
737 2822 904 2900 patefactus
917 2822 956 2882 ad
970 2840 1057 2882 auras

253 2918 367 2979 Reddit
380 2936 482 2993 equus,
498 2916 627 2993 laetique
640 2934 715 2976 cavo
729 2935 763 2975 se
776 2918 884 2975 robore
897 2925 1039 2992 promunt

252 3011 463 3071 Thessandrus
476 3010 694 3085 Sthenelusque
708 3009 803 3069 duces
816 3020 847 3068 et
860 3010 941 3068 dirus
957 3009 1071 3082 Ulixes,

253 3105 425 3164 Demissum
441 3102 517 3180 lapsi
530 3122 584 3179 per
597 3085 707 3180 funeri,
723 3104 922 3178 Acamasque,
937 3103 1108 3178 Thoasque,

253 3197 433 3273 Pelidesque
448 3196 674 3273 Neoptolemus,
682 3185 861 3271 'primusque
876 3196 1037 3269 Machaon,

253 3293 292 3350 Et
306 3290 472 3363 Menelaus
488 3300 519 3348 et
532 3288 596 3365 ipse
610 3287 672 3347 doli
685 3286 844 3347 fabricator
859 3288 968 3364 Epeus

253 3384 405 3443 Invadunt
418 3382 522 3441 urbem
536 3398 643 3440 somno
656 3378 786 3455 vinoque
801 3380 946 3456 sepultam
957 3401 966 3454 3

254 3477 427 3538 Caeduntur
439 3473 552 3553 vigiles,
567 3472 719 3550 portisque
732 3472 903 3549 patentibus
917 3489 1023 3533 ornnes

165 3599 168 3601 v
253 3569 414 3647 Accipiunt
428 3567 526 3627 socios
539 3576 629 3642 atque
642 3564 762 3641 agmina
775 3564 896 3627 conscia
912 3565 1049 3644 jungunt

293 3664 426 3739 Tempus
440 3669 511 3734 erat,
527 3678 587 3735 quo
600 3656 696 3735 prima
709 3657 795 3733 qules
809 3657 983 3719 mortalibus
997 3656 1099 3735 aegris·

254 3755 364 3832 Incipit
378 3765 412 3826 et
423 3753 504 3813 dono
518 3752 619 3811 divum
631 3750 797 3827 gratissima
811 3750 916 3829 serpit:

254 3850 293 3906 In
307 3847 428 3920 somnis,
442 3864 522 3920 ecce,
537 3854 607 3905 ante
621 3843 724 3903 oculos
738 3844 955 3903 maesdssimus
971 3845 1087 3907 Hector
