<?xml version="1.0" encoding="UTF-8"?>
<!DOCTYPE html PUBLIC "-//W3C//DTD XHTML 1.0 Transitional//EN"
    "http://www.w3.org/TR/xhtml1/DTD/xhtml1-transitional.dtd">
<html xmlns="http://www.w3.org/1999/xhtml" xml:lang="en" lang="en">
 <head>
  <title>
</title>
<meta http-equiv="Content-Type" content="text/html;charset=utf-8" />
  <meta name='ocr-system' content='tesseract 3.04.00' />
  <meta name='ocr-capabilities' content='ocr_page ocr_carea ocr_par ocr_line ocrx_word'/>
</head>
<body>
  <div class='ocr_page' id='page_1' title='image "./selectionsfromo01virggoog_0209.png"; bbox 0 0 3017 4700; ppageno 0'>
   <div class='ocr_carea' id='block_1_1' title="bbox 438 364 1198 458">
    <p class='ocr_par' dir='ltr' id='par_1_1' title="bbox 438 364 1198 458">
     <span class='ocr_line' id='line_1_1' title="bbox 438 364 1198 458; baseline -0.004 -15"><span class='ocrx_word' id='word_1_1' title='bbox 438 364 442 370; x_wconf 51' lang='grc'><strong>’</strong></span> <span class='ocrx_word' id='word_1_2' title='bbox 536 423 544 434; x_wconf 84' lang='grc'>-</span> <span class='ocrx_word' id='word_1_3' title='bbox 566 397 724 442; x_wconf 67' lang='lat' dir='ltr'>marinos</span> <span class='ocrx_word' id='word_1_4' title='bbox 744 397 804 440; x_wconf 79' lang='lat' dir='ltr'>arn.</span> <span class='ocrx_word' id='word_1_5' title='bbox 825 397 852 439; x_wconf 91' lang='lat' dir='ltr'>v.</span> <span class='ocrx_word' id='word_1_6' title='bbox 1101 393 1104 407; x_wconf 91' lang='grc'><strong><em>·</em></strong></span> <span class='ocrx_word' id='word_1_7' title='bbox 1135 397 1198 458; x_wconf 76' lang='lat'><strong>:197</strong></span> 
     </span>
    </p>
   </div>
   <div class='ocr_carea' id='block_1_2' title="bbox 151 540 1076 834">
    <p class='ocr_par' dir='ltr' id='par_1_2' title="bbox 151 540 1076 834">
     <span class='ocr_line' id='line_1_2' title="bbox 226 540 1076 621; baseline -0.001 -19"><span class='ocrx_word' id='word_1_8' title='bbox 226 543 323 603; x_wconf 83' lang='lat' dir='ltr'><strong>Triste</strong></span> <span class='ocrx_word' id='word_1_9' title='bbox 337 561 391 620; x_wconf 92' lang='lat' dir='ltr'>per</span> <span class='ocrx_word' id='word_1_10' title='bbox 404 542 558 621; x_wconf 85' lang='lat' dir='ltr'>augmium</span> <span class='ocrx_word' id='word_1_11' title='bbox 570 545 754 604; x_wconf 89' lang='lat' dir='ltr'>Teucromm</span> <span class='ocrx_word' id='word_1_12' title='bbox 768 551 890 620; x_wconf 79' lang='lat' dir='ltr'>pectora</span> <span class='ocrx_word' id='word_1_13' title='bbox 904 540 1024 602; x_wconf 84' lang='lat' dir='ltr'>ducunt</span> <span class='ocrx_word' id='word_1_14' title='bbox 1072 563 1076 570; x_wconf 91' lang='lat'><strong>·</strong></span> 
     </span>
     <span class='ocr_line' id='line_1_3' title="bbox 151 635 1050 715; baseline -0.002 -19"><span class='ocrx_word' id='word_1_15' title='bbox 151 647 158 657; x_wconf 87' lang='lat'><strong><em>‘</em></strong></span> <span class='ocrx_word' id='word_1_16' title='bbox 267 638 311 696; x_wconf 90' lang='lat' dir='ltr'>Ut</span> <span class='ocrx_word' id='word_1_17' title='bbox 324 637 581 713; x_wconf 84' lang='lat' dir='ltr'>pelagustenuere</span> <span class='ocrx_word' id='word_1_18' title='bbox 595 646 682 709; x_wconf 86' lang='lat' dir='ltr'>rates,</span> <span class='ocrx_word' id='word_1_19' title='bbox 698 655 755 696; x_wconf 89' lang='lat' dir='ltr'>nec</span> <span class='ocrx_word' id='word_1_20' title='bbox 773 636 835 715; x_wconf 87' lang='lat' dir='ltr'>jam</span> <span class='ocrx_word' id='word_1_21' title='bbox 848 635 979 712; x_wconf 79' lang='lat' dir='ltr'>amplius.</span> <span class='ocrx_word' id='word_1_22' title='bbox 988 635 1050 694; x_wconf 89' lang='lat' dir='ltr'>ulla</span> 
     </span>
     <span class='ocr_line' id='line_1_4' title="bbox 228 728 1054 834; baseline -0.002 -44"><span class='ocrx_word' id='word_1_23' title='bbox 228 729 370 819; x_wconf 42' lang='lat' dir='ltr'>Occurrit(</span> <span class='ocrx_word' id='word_1_24' title='bbox 379 729 478 815; x_wconf 76' lang='lat' dir='ltr'>tellus,</span> <span class='ocrx_word' id='word_1_25' title='bbox 489 729 582 798; x_wconf 82' lang='lat' dir='ltr'>maria</span> <span class='ocrx_word' id='word_1_26' title='bbox 587 729 727 815; x_wconf 75' lang='lat' dir='ltr'>,undique</span> <span class='ocrx_word' id='word_1_27' title='bbox 741 739 774 834; x_wconf 60' lang='lat' dir='ltr'>‘i</span> <span class='ocrx_word' id='word_1_28' title='bbox 785 728 916 805; x_wconf 89' lang='lat' dir='ltr'>undique</span> <span class='ocrx_word' id='word_1_29' title='bbox 924 729 1054 823; x_wconf 73' lang='lat' dir='ltr'>¹coelum,</span> 
     </span>
    </p>
   </div>
   <div class='ocr_carea' id='block_1_3' title="bbox 123 821 1203 916">
    <p class='ocr_par' dir='ltr' id='par_1_3' title="bbox 123 821 1203 916">
     <span class='ocr_line' id='line_1_5' title="bbox 123 821 1203 916; baseline -0.009 -33"><span class='ocrx_word' id='word_1_30' title='bbox 123 897 127 904; x_wconf 25' lang='grc' dir='ltr'>Ι</span> <span class='ocrx_word' id='word_1_31' title='bbox 227 822 289 882; x_wconf 87' lang='lat' dir='ltr'>Olli</span> <span class='ocrx_word' id='word_1_32' title='bbox 303 823 456 881; x_wconf 87' lang='lat' dir='ltr'>caemleus</span> <span class='ocrx_word' id='word_1_33' title='bbox 469 841 559 899; x_wconf 90' lang='lat' dir='ltr'>supra</span> <span class='ocrx_word' id='word_1_34' title='bbox 571 832 661 899; x_wconf 89' lang='lat' dir='ltr'>caput</span> <span class='ocrx_word' id='word_1_35' title='bbox 673 822 789 882; x_wconf 77' lang='lat' dir='ltr'>adstitit</span> <span class='ocrx_word' id='word_1_36' title='bbox 802 821 905 895; x_wconf 89' lang='lat' dir='ltr'>imber,</span> <span class='ocrx_word' id='word_1_37' title='bbox 911 875 946 916; x_wconf 62' lang='lat' dir='ltr'><em>s</em></span> <span class='ocrx_word' id='word_1_38' title='bbox 1180 846 1203 874; x_wconf 73' lang='grc' dir='ltr'>ιο</span> 
     </span>
    </p>
   </div>
   <div class='ocr_carea' id='block_1_4' title="bbox 226 913 1232 3223">
    <p class='ocr_par' dir='ltr' id='par_1_4' title="bbox 226 913 1232 3113">
     <span class='ocr_line' id='line_1_6' title="bbox 227 913 1232 991; baseline 0 -17"><span class='ocrx_word' id='word_1_39' title='bbox 227 917 356 974; x_wconf 85' lang='lat' dir='ltr'><strong>Noctem</strong></span> <span class='ocrx_word' id='word_1_40' title='bbox 368 914 556 991; x_wconf 82' lang='lat' dir='ltr'>hiememque</span> <span class='ocrx_word' id='word_1_41' title='bbox 570 914 677 988; x_wconf 80' lang='lat' dir='ltr'>ferens,</span> <span class='ocrx_word' id='word_1_42' title='bbox 691 925 723 974; x_wconf 90' lang='lat' dir='ltr'>et</span> <span class='ocrx_word' id='word_1_43' title='bbox 735 914 881 974; x_wconf 83' lang='lat' dir='ltr'>inhorruit</span> <span class='ocrx_word' id='word_1_44' title='bbox 894 915 978 989; x_wconf 84' lang='lat' dir='ltr'>unda</span> <span class='ocrx_word' id='word_1_45' title='bbox 989 913 1128 974; x_wconf 87' lang='lat' dir='ltr'>tenebris.</span> <span class='ocrx_word' id='word_1_46' title='bbox 1229 981 1232 986; x_wconf 46' lang='grc'>,</span> 
     </span>
     <span class='ocr_line' id='line_1_7' title="bbox 228 1007 915 1085; baseline 0 -19"><span class='ocrx_word' id='word_1_47' title='bbox 228 1009 298 1083; x_wconf 91' lang='lat' dir='ltr'>Ipse</span> <span class='ocrx_word' id='word_1_48' title='bbox 312 1007 493 1085; x_wconf 86' lang='lat' dir='ltr'>gubernator</span> <span class='ocrx_word' id='word_1_49' title='bbox 504 1007 604 1085; x_wconf 91' lang='lat' dir='ltr'>puppi.</span> <span class='ocrx_word' id='word_1_50' title='bbox 613 1007 770 1066; x_wconf 87' lang='lat' dir='ltr'>Palinurus</span> <span class='ocrx_word' id='word_1_51' title='bbox 783 1007 821 1066; x_wconf 90' lang='lat' dir='ltr'>ab</span> <span class='ocrx_word' id='word_1_52' title='bbox 836 1008 915 1066; x_wconf 88' lang='lat' dir='ltr'>alta:</span> 
     </span>
     <span class='ocr_line' id='line_1_8' title="bbox 228 1098 996 1180; baseline 0.001 -21"><span class='ocrx_word' id='word_1_53' title='bbox 228 1103 316 1160; x_wconf 89' lang='lat' dir='ltr'>Heu!</span> <span class='ocrx_word' id='word_1_54' title='bbox 338 1101 478 1180; x_wconf 80' lang='lat' dir='ltr'>quianam</span> <span class='ocrx_word' id='word_1_55' title='bbox 490 1100 566 1160; x_wconf 87' lang='lat' dir='ltr'>tanti</span> <span class='ocrx_word' id='word_1_56' title='bbox 579 1100 735 1160; x_wconf 83' lang='lat' dir='ltr'>cinxerunt</span> <span class='ocrx_word' id='word_1_57' title='bbox 747 1099 869 1160; x_wconf 87' lang='lat' dir='ltr'>aethera</span> <span class='ocrx_word' id='word_1_58' title='bbox 883 1098 996 1160; x_wconf 84' lang='lat' dir='ltr'>nimbi?</span> 
     </span>
     <span class='ocr_line' id='line_1_9' title="bbox 228 1191 1083 1270; baseline 0.001 -18"><span class='ocrx_word' id='word_1_59' title='bbox 228 1193 354 1267; x_wconf 89' lang='lat' dir='ltr'>Quidve,</span> <span class='ocrx_word' id='word_1_60' title='bbox 369 1203 453 1270; x_wconf 90' lang='lat' dir='ltr'>pater</span> <span class='ocrx_word' id='word_1_61' title='bbox 467 1196 617 1270; x_wconf 88' lang='lat' dir='ltr'>Neptune,</span> <span class='ocrx_word' id='word_1_62' title='bbox 631 1194 738 1269; x_wconf 85' lang='lat' dir='ltr'>paras?</span> <span class='ocrx_word' id='word_1_63' title='bbox 779 1191 827 1252; x_wconf 88' lang='lat' dir='ltr'>Sic</span> <span class='ocrx_word' id='word_1_64' title='bbox 842 1191 952 1252; x_wconf 90' lang='lat' dir='ltr'>deinde</span> <span class='ocrx_word' id='word_1_65' title='bbox 966 1192 1083 1254; x_wconf 86' lang='lat' dir='ltr'>loeutus</span> 
     </span>
     <span class='ocr_line' id='line_1_10' title="bbox 229 1284 1049 1365; baseline -0.002 -19"><span class='ocrx_word' id='word_1_66' title='bbox 229 1285 375 1365; x_wconf 86' lang='lat' dir='ltr'>Colligere</span> <span class='ocrx_word' id='word_1_67' title='bbox 390 1305 471 1350; x_wconf 88' lang='lat' dir='ltr'>arma</span> <span class='ocrx_word' id='word_1_68' title='bbox 486 1287 572 1365; x_wconf 87' lang='lat' dir='ltr'>jubet</span> <span class='ocrx_word' id='word_1_69' title='bbox 585 1285 752 1361; x_wconf 84' lang='lat' dir='ltr'>validisque</span> <span class='ocrx_word' id='word_1_70' title='bbox 767 1284 937 1345; x_wconf 86' lang='lat' dir='ltr'>incumbere</span> <span class='ocrx_word' id='word_1_71' title='bbox 952 1284 1049 1360; x_wconf 88' lang='lat' dir='ltr'>remis,</span> 
     </span>
     <span class='ocr_line' id='line_1_11' title="bbox 228 1377 961 1455; baseline -0.003 -16"><span class='ocrx_word' id='word_1_72' title='bbox 228 1379 430 1455; x_wconf 92' lang='lat' dir='ltr'>Obliquatque</span> <span class='ocrx_word' id='word_1_73' title='bbox 444 1378 527 1438; x_wconf 91' lang='lat' dir='ltr'>sinus</span> <span class='ocrx_word' id='word_1_74' title='bbox 540 1377 572 1438; x_wconf 92' lang='lat' dir='ltr'>in</span> <span class='ocrx_word' id='word_1_75' title='bbox 585 1389 716 1452; x_wconf 88' lang='lat' dir='ltr'>ventum,</span> <span class='ocrx_word' id='word_1_76' title='bbox 730 1397 767 1438; x_wconf 91' lang='lat' dir='ltr'>ac</span> <span class='ocrx_word' id='word_1_77' title='bbox 783 1377 853 1438; x_wconf 88' lang='lat' dir='ltr'>talia</span> <span class='ocrx_word' id='word_1_78' title='bbox 867 1377 961 1438; x_wconf 87' lang='lat' dir='ltr'>fatur:</span> 
     </span>
     <span class='ocr_line' id='line_1_12' title="bbox 229 1469 1028 1548; baseline 0 -19"><span class='ocrx_word' id='word_1_79' title='bbox 229 1471 421 1548; x_wconf 86' lang='lat' dir='ltr'>Magnanime</span> <span class='ocrx_word' id='word_1_80' title='bbox 436 1474 549 1546; x_wconf 81' lang='lat' dir='ltr'>Aenea,</span> <span class='ocrx_word' id='word_1_81' title='bbox 565 1491 635 1546; x_wconf 92' lang='lat' dir='ltr'>non,</span> <span class='ocrx_word' id='word_1_82' title='bbox 650 1471 676 1531; x_wconf 90' lang='lat' dir='ltr'>si</span> <span class='ocrx_word' id='word_1_83' title='bbox 688 1470 762 1532; x_wconf 89' lang='lat' dir='ltr'>mihi</span> <span class='ocrx_word' id='word_1_84' title='bbox 775 1469 912 1548; x_wconf 86' lang='lat' dir='ltr'>Juppiter</span> <span class='ocrx_word' id='word_1_85' title='bbox 925 1481 1028 1532; x_wconf 86' lang='lat' dir='ltr'>auctor</span> 
     </span>
     <span class='ocr_line' id='line_1_13' title="bbox 228 1564 1021 1642; baseline 0.001 -19"><span class='ocrx_word' id='word_1_86' title='bbox 228 1564 388 1640; x_wconf 78' lang='lat' dir='ltr'>spondeat,</span> <span class='ocrx_word' id='word_1_87' title='bbox 404 1566 462 1624; x_wconf 90' lang='lat' dir='ltr'>hoc</span> <span class='ocrx_word' id='word_1_88' title='bbox 476 1583 593 1642; x_wconf 87' lang='lat' dir='ltr'>sperem</span> <span class='ocrx_word' id='word_1_89' title='bbox 608 1565 726 1624; x_wconf 88' lang='lat' dir='ltr'>Italiam</span> <span class='ocrx_word' id='word_1_90' title='bbox 739 1565 913 1642; x_wconf 87' lang='lat' dir='ltr'>contingere</span> <span class='ocrx_word' id='word_1_91' title='bbox 927 1564 1021 1624; x_wconf 89' lang='lat' dir='ltr'>coelo.</span> 
     </span>
     <span class='ocr_line' id='line_1_14' title="bbox 229 1656 971 1736; baseline 0.001 -21"><span class='ocrx_word' id='word_1_92' title='bbox 229 1656 337 1716; x_wconf 86' lang='lat' dir='ltr'>Mutati</span> <span class='ocrx_word' id='word_1_93' title='bbox 351 1668 519 1718; x_wconf 86' lang='lat' dir='ltr'>transversa</span> <span class='ocrx_word' id='word_1_94' title='bbox 531 1659 659 1718; x_wconf 82' lang='lat' dir='ltr'>fremunt</span> <span class='ocrx_word' id='word_1_95' title='bbox 671 1668 703 1718; x_wconf 90' lang='lat' dir='ltr'>et</span> <span class='ocrx_word' id='word_1_96' title='bbox 715 1676 840 1736; x_wconf 85' lang='lat' dir='ltr'>vespere</span> <span class='ocrx_word' id='word_1_97' title='bbox 855 1658 893 1717; x_wconf 92' lang='lat' dir='ltr'>ab</span> <span class='ocrx_word' id='word_1_98' title='bbox 907 1666 971 1716; x_wconf 90' lang='lat' dir='ltr'>atro</span> 
     </span>
     <span class='ocr_line' id='line_1_15' title="bbox 228 1750 998 1835; baseline -0.004 -24"><span class='ocrx_word' id='word_1_99' title='bbox 228 1750 419 1835; x_wconf 81' lang='lat' dir='ltr'>Consurgunt</span> <span class='ocrx_word' id='word_1_100' title='bbox 433 1751 522 1824; x_wconf 90' lang='lat' dir='ltr'>venti,</span> <span class='ocrx_word' id='word_1_101' title='bbox 537 1761 627 1827; x_wconf 89' lang='lat' dir='ltr'>atque</span> <span class='ocrx_word' id='word_1_102' title='bbox 640 1750 671 1810; x_wconf 93' lang='lat' dir='ltr'>in</span> <span class='ocrx_word' id='word_1_103' title='bbox 686 1752 797 1810; x_wconf 88' lang='lat' dir='ltr'>nubem</span> <span class='ocrx_word' id='word_1_104' title='bbox 810 1750 926 1829; x_wconf 87' lang='lat' dir='ltr'>cogitur</span> <span class='ocrx_word' id='word_1_105' title='bbox 939 1751 998 1810; x_wconf 73' lang='lat' dir='ltr'>aer.</span> 
     </span>
     <span class='ocr_line' id='line_1_16' title="bbox 229 1842 938 1918; baseline 0.001 -17"><span class='ocrx_word' id='word_1_106' title='bbox 229 1845 295 1903; x_wconf 90' lang='lat' dir='ltr'>Nec</span> <span class='ocrx_word' id='word_1_107' title='bbox 309 1842 366 1904; x_wconf 90' lang='lat' dir='ltr'>nos</span> <span class='ocrx_word' id='word_1_108' title='bbox 379 1843 474 1903; x_wconf 87' lang='lat' dir='ltr'>obniti</span> <span class='ocrx_word' id='word_1_109' title='bbox 488 1854 600 1918; x_wconf 89' lang='lat' dir='ltr'>contra,</span> <span class='ocrx_word' id='word_1_110' title='bbox 615 1862 672 1904; x_wconf 89' lang='lat' dir='ltr'>nec</span> <span class='ocrx_word' id='word_1_111' title='bbox 685 1844 810 1904; x_wconf 90' lang='lat' dir='ltr'>tendere</span> <span class='ocrx_word' id='word_1_112' title='bbox 823 1853 938 1904; x_wconf 87' lang='lat' dir='ltr'>tantum</span> 
     </span>
     <span class='ocr_line' id='line_1_17' title="bbox 229 1935 1062 2012; baseline 0 -16"><span class='ocrx_word' id='word_1_113' title='bbox 229 1936 402 1997; x_wconf 89' lang='lat' dir='ltr'>Sufficimus.</span> <span class='ocrx_word' id='word_1_114' title='bbox 446 1938 572 2012; x_wconf 87' lang='lat' dir='ltr'>Superat</span> <span class='ocrx_word' id='word_1_115' title='bbox 585 1935 725 2012; x_wconf 85' lang='lat' dir='ltr'>quoniam</span> <span class='ocrx_word' id='word_1_116' title='bbox 740 1937 879 2009; x_wconf 87' lang='lat' dir='ltr'>Fortuna,</span> <span class='ocrx_word' id='word_1_117' title='bbox 895 1953 1062 2012; x_wconf 88' lang='lat' dir='ltr'>sequamur,</span> 
     </span>
     <span class='ocr_line' id='line_1_18' title="bbox 229 2028 1021 2108; baseline 0.001 -20"><span class='ocrx_word' id='word_1_118' title='bbox 229 2029 466 2107; x_wconf 16' lang='lat' dir='ltr'>Quoque-vocat,</span> <span class='ocrx_word' id='word_1_119' title='bbox 481 2039 630 2088; x_wconf 85' lang='lat' dir='ltr'>vertamus</span> <span class='ocrx_word' id='word_1_120' title='bbox 644 2028 707 2088; x_wconf 91' lang='lat' dir='ltr'>iter.</span> <span class='ocrx_word' id='word_1_121' title='bbox 750 2030 780 2088; x_wconf 94' lang='lat' dir='ltr'>N</span> <span class='ocrx_word' id='word_1_122' title='bbox 782 2047 821 2100; x_wconf 86' lang='lat' dir='ltr'>ec¹</span> <span class='ocrx_word' id='word_1_123' title='bbox 832 2029 919 2088; x_wconf 90' lang='lat' dir='ltr'>litora</span> <span class='ocrx_word' id='word_1_124' title='bbox 931 2029 1021 2108; x_wconf 88' lang='lat' dir='ltr'>longe</span> 
     </span>
     <span class='ocr_line' id='line_1_19' title="bbox 228 2120 965 2199; baseline 0 -19"><span class='ocrx_word' id='word_1_125' title='bbox 228 2123 304 2181; x_wconf 81' lang='lat' dir='ltr'>Fida</span> <span class='ocrx_word' id='word_1_126' title='bbox 316 2140 383 2181; x_wconf 88' lang='lat' dir='ltr'>reor</span> <span class='ocrx_word' id='word_1_127' title='bbox 396 2121 525 2180; x_wconf 86' lang='lat' dir='ltr'>fraterna</span> <span class='ocrx_word' id='word_1_128' title='bbox 539 2121 641 2199; x_wconf 76' lang='lat' dir='ltr'>Erycis</span> <span class='ocrx_word' id='word_1_129' title='bbox 654 2129 816 2197; x_wconf 85' lang='lat' dir='ltr'>portusque</span> <span class='ocrx_word' id='word_1_130' title='bbox 832 2120 965 2195; x_wconf 86' lang='lat' dir='ltr'>Sicanos,</span> 
     </span>
     <span class='ocr_line' id='line_1_20' title="bbox 230 2212 940 2274; baseline -0.003 0"><span class='ocrx_word' id='word_1_131' title='bbox 230 2213 261 2274; x_wconf 89' lang='lat' dir='ltr'>Si</span> <span class='ocrx_word' id='word_1_132' title='bbox 274 2214 365 2274; x_wconf 91' lang='lat' dir='ltr'>modo</span> <span class='ocrx_word' id='word_1_133' title='bbox 378 2214 432 2273; x_wconf 90' lang='lat' dir='ltr'>rite</span> <span class='ocrx_word' id='word_1_134' title='bbox 446 2231 561 2274; x_wconf 90' lang='lat' dir='ltr'>memor</span> <span class='ocrx_word' id='word_1_135' title='bbox 574 2223 689 2274; x_wconf 84' lang='lat' dir='ltr'>servata</span> <span class='ocrx_word' id='word_1_136' title='bbox 701 2212 841 2274; x_wconf 90' lang='lat' dir='ltr'>remetior</span> <span class='ocrx_word' id='word_1_137' title='bbox 854 2224 940 2274; x_wconf 86' lang='lat' dir='ltr'>astra.</span> 
     </span>
     <span class='ocr_line' id='line_1_21' title="bbox 227 2305 1022 2385; baseline 0.004 -18"><span class='ocrx_word' id='word_1_138' title='bbox 227 2309 306 2367; x_wconf 91' lang='lat' dir='ltr'>Tum</span> <span class='ocrx_word' id='word_1_139' title='bbox 319 2305 385 2385; x_wconf 92' lang='lat' dir='ltr'>pius</span> <span class='ocrx_word' id='word_1_140' title='bbox 399 2310 537 2369; x_wconf 89' lang='lat' dir='ltr'>Aeneas:</span> <span class='ocrx_word' id='word_1_141' title='bbox 558 2307 705 2384; x_wconf 88' lang='lat' dir='ltr'>Equidem</span> <span class='ocrx_word' id='word_1_142' title='bbox 720 2307 764 2368; x_wconf 89' lang='lat' dir='ltr'>sic</span> <span class='ocrx_word' id='word_1_143' title='bbox 777 2325 901 2385; x_wconf 86' lang='lat' dir='ltr'>poscere</span> <span class='ocrx_word' id='word_1_144' title='bbox 915 2315 1022 2369; x_wconf 87' lang='lat' dir='ltr'>ventos</span> 
     </span>
     <span class='ocr_line' id='line_1_22' title="bbox 226 2401 982 2479; baseline 0 -18"><span class='ocrx_word' id='word_1_145' title='bbox 226 2401 408 2479; x_wconf 89' lang='lat' dir='ltr'>Jamdudum</span> <span class='ocrx_word' id='word_1_146' title='bbox 422 2411 453 2461; x_wconf 90' lang='lat' dir='ltr'>et</span> <span class='ocrx_word' id='word_1_147' title='bbox 466 2401 573 2461; x_wconf 88' lang='lat' dir='ltr'>frustra</span> <span class='ocrx_word' id='word_1_148' title='bbox 585 2419 676 2461; x_wconf 91' lang='lat' dir='ltr'>cerno</span> <span class='ocrx_word' id='word_1_149' title='bbox 690 2411 719 2460; x_wconf 91' lang='lat' dir='ltr'>te</span> <span class='ocrx_word' id='word_1_150' title='bbox 734 2401 857 2461; x_wconf 91' lang='lat' dir='ltr'>tendere</span> <span class='ocrx_word' id='word_1_151' title='bbox 871 2412 982 2463; x_wconf 86' lang='lat' dir='ltr'>contra.</span> 
     </span>
     <span class='ocr_line' id='line_1_23' title="bbox 228 2493 955 2573; baseline 0 -20"><span class='ocrx_word' id='word_1_152' title='bbox 228 2496 331 2555; x_wconf 89' lang='lat' dir='ltr'>Flecte</span> <span class='ocrx_word' id='word_1_153' title='bbox 344 2495 423 2555; x_wconf 83' lang='lat' dir='ltr'>viam</span> <span class='ocrx_word' id='word_1_154' title='bbox 436 2494 529 2555; x_wconf 89' lang='lat' dir='ltr'>velis..</span> <span class='ocrx_word' id='word_1_155' title='bbox 562 2496 611 2553; x_wconf 92' lang='lat' dir='ltr'>An</span> <span class='ocrx_word' id='word_1_156' title='bbox 625 2494 666 2555; x_wconf 91' lang='lat' dir='ltr'>sit</span> <span class='ocrx_word' id='word_1_157' title='bbox 677 2493 750 2553; x_wconf 87' lang='lat' dir='ltr'>mihi</span> <span class='ocrx_word' id='word_1_158' title='bbox 763 2494 874 2573; x_wconf 80' lang='lat' dir='ltr'>gratior</span> <span class='ocrx_word' id='word_1_159' title='bbox 887 2495 955 2569; x_wconf 86' lang='lat' dir='ltr'>nlla,</span> 
     </span>
     <span class='ocr_line' id='line_1_24' title="bbox 227 2587 952 2666; baseline 0 -19"><span class='ocrx_word' id='word_1_160' title='bbox 227 2588 333 2663; x_wconf 87' lang='lat' dir='ltr'>Quove</span> <span class='ocrx_word' id='word_1_161' title='bbox 346 2587 441 2666; x_wconf 89' lang='lat' dir='ltr'>magis</span> <span class='ocrx_word' id='word_1_162' title='bbox 455 2589 554 2664; x_wconf 39' lang='lat' dir='ltr'>fessas,</span> <span class='ocrx_word' id='word_1_163' title='bbox 563 2598 666 2665; x_wconf 89' lang='lat' dir='ltr'>optem</span> <span class='ocrx_word' id='word_1_164' title='bbox 679 2587 839 2648; x_wconf 87' lang='lat' dir='ltr'>demittere</span> <span class='ocrx_word' id='word_1_165' title='bbox 851 2606 952 2661; x_wconf 87' lang='lat' dir='ltr'>naves,</span> 
     </span>
     <span class='ocr_line' id='line_1_25' title="bbox 228 2679 1074 2757; baseline 0.002 -18"><span class='ocrx_word' id='word_1_166' title='bbox 228 2680 326 2754; x_wconf 87' lang='lat' dir='ltr'>Quam</span> <span class='ocrx_word' id='word_1_167' title='bbox 340 2700 417 2757; x_wconf 90' lang='lat' dir='ltr'>quae</span> <span class='ocrx_word' id='word_1_168' title='bbox 432 2680 616 2741; x_wconf 82' lang='lat' dir='ltr'>Dardanium</span> <span class='ocrx_word' id='word_1_169' title='bbox 629 2681 718 2741; x_wconf 90' lang='lat' dir='ltr'>tellus</span> <span class='ocrx_word' id='word_1_170' title='bbox 731 2679 805 2739; x_wconf 91' lang='lat' dir='ltr'>mihi</span> <span class='ocrx_word' id='word_1_171' title='bbox 819 2690 918 2741; x_wconf 86' lang='lat' dir='ltr'>servat</span> <span class='ocrx_word' id='word_1_172' title='bbox 932 2682 1074 2756; x_wconf 88' lang='lat' dir='ltr'>Acesten,</span> 
     </span>
     <span class='ocr_line' id='line_1_26' title="bbox 228 2774 987 2851; baseline 0.005 -20"><span class='ocrx_word' id='word_1_173' title='bbox 228 2774 266 2832; x_wconf 91' lang='lat' dir='ltr'>Et</span> <span class='ocrx_word' id='word_1_174' title='bbox 280 2774 372 2850; x_wconf 90' lang='lat' dir='ltr'>patris</span> <span class='ocrx_word' id='word_1_175' title='bbox 386 2774 537 2833; x_wconf 88' lang='lat' dir='ltr'>Anchisae</span> <span class='ocrx_word' id='word_1_176' title='bbox 549 2774 663 2851; x_wconf 68' lang='lat' dir='ltr'>greum</span> <span class='ocrx_word' id='word_1_177' title='bbox 676 2774 883 2851; x_wconf 89' lang='lat' dir='ltr'>complectitur</span> <span class='ocrx_word' id='word_1_178' title='bbox 896 2777 987 2835; x_wconf 79' lang='lat' dir='ltr'>ossa?</span> 
     </span>
     <span class='ocr_line' id='line_1_27' title="bbox 228 2865 994 2944; baseline 0.003 -19"><span class='ocrx_word' id='word_1_179' title='bbox 228 2868 316 2944; x_wconf 88' lang='lat' dir='ltr'>Haec</span> <span class='ocrx_word' id='word_1_180' title='bbox 329 2866 381 2925; x_wconf 88' lang='lat' dir='ltr'>ubi</span> <span class='ocrx_word' id='word_1_181' title='bbox 394 2865 482 2938; x_wconf 89' lang='lat' dir='ltr'>dicta,</span> <span class='ocrx_word' id='word_1_182' title='bbox 498 2877 602 2943; x_wconf 89' lang='lat' dir='ltr'>petunt</span> <span class='ocrx_word' id='word_1_183' title='bbox 615 2877 729 2943; x_wconf 89' lang='lat' dir='ltr'>portus,</span> <span class='ocrx_word' id='word_1_184' title='bbox 744 2877 775 2926; x_wconf 94' lang='lat' dir='ltr'>et</span> <span class='ocrx_word' id='word_1_185' title='bbox 788 2868 856 2927; x_wconf 87' lang='lat' dir='ltr'>vela</span> <span class='ocrx_word' id='word_1_186' title='bbox 870 2868 994 2927; x_wconf 87' lang='lat' dir='ltr'>secundi</span> 
     </span>
     <span class='ocr_line' id='line_1_28' title="bbox 228 2952 992 3037; baseline 0.008 -21"><span class='ocrx_word' id='word_1_187' title='bbox 228 2959 395 3018; x_wconf 89' lang='lat' dir='ltr'>Intendunt</span> <span class='ocrx_word' id='word_1_188' title='bbox 408 2952 534 3036; x_wconf 84' lang='lat' dir='ltr'>Zephyri</span> <span class='ocrx_word' id='word_1_189' title='bbox 546 2980 556 3032; x_wconf 74' lang='lat'>5</span> <span class='ocrx_word' id='word_1_190' title='bbox 575 2959 666 3019; x_wconf 84' lang='lat' dir='ltr'>fertur</span> <span class='ocrx_word' id='word_1_191' title='bbox 678 2959 739 3019; x_wconf 88' lang='lat' dir='ltr'>cita</span> <span class='ocrx_word' id='word_1_192' title='bbox 750 2960 866 3037; x_wconf 86' lang='lat' dir='ltr'>gurgite</span> <span class='ocrx_word' id='word_1_193' title='bbox 879 2958 992 3034; x_wconf 89' lang='lat' dir='ltr'>classis,</span> 
     </span>
     <span class='ocr_line' id='line_1_29' title="bbox 229 3050 926 3113; baseline 0.003 -2"><span class='ocrx_word' id='word_1_194' title='bbox 229 3052 268 3111; x_wconf 86' lang='lat' dir='ltr'>Et</span> <span class='ocrx_word' id='word_1_195' title='bbox 281 3052 403 3112; x_wconf 89' lang='lat' dir='ltr'>tandem</span> <span class='ocrx_word' id='word_1_196' title='bbox 417 3050 487 3110; x_wconf 87' lang='lat' dir='ltr'>laeti</span> <span class='ocrx_word' id='word_1_197' title='bbox 501 3062 589 3111; x_wconf 87' lang='lat' dir='ltr'>notae</span> <span class='ocrx_word' id='word_1_198' title='bbox 603 3052 796 3112; x_wconf 88' lang='lat' dir='ltr'>advertuntur</span> <span class='ocrx_word' id='word_1_199' title='bbox 809 3070 926 3113; x_wconf 89' lang='lat' dir='ltr'>arenae.</span> 
     </span>
    </p>

    <p class='ocr_par' dir='ltr' id='par_1_5' title="bbox 268 3141 946 3223">
     <span class='ocr_line' id='line_1_30' title="bbox 268 3141 946 3223; baseline 0 -18"><span class='ocrx_word' id='word_1_200' title='bbox 268 3148 309 3205; x_wconf 91' lang='lat' dir='ltr'>At</span> <span class='ocrx_word' id='word_1_201' title='bbox 323 3141 425 3222; x_wconf 90' lang='lat' dir='ltr'>procul</span> <span class='ocrx_word' id='word_1_202' title='bbox 441 3145 560 3223; x_wconf 80' lang='lat' dir='ltr'>excelso</span> <span class='ocrx_word' id='word_1_203' title='bbox 575 3144 697 3203; x_wconf 88' lang='lat' dir='ltr'>miratus</span> <span class='ocrx_word' id='word_1_204' title='bbox 710 3144 822 3203; x_wconf 86' lang='lat' dir='ltr'>vertice</span> <span class='ocrx_word' id='word_1_205' title='bbox 836 3145 946 3205; x_wconf 90' lang='lat' dir='ltr'>montis</span> 
     </span>
    </p>
   </div>
   <div class='ocr_carea' id='block_1_5' title="bbox 115 3237 950 3313">
    <p class='ocr_par' dir='ltr' id='par_1_6' title="bbox 115 3237 950 3313">
     <span class='ocr_line' id='line_1_31' title="bbox 115 3237 950 3313; baseline 0 -16"><span class='ocrx_word' id='word_1_206' title='bbox 115 3237 117 3240; x_wconf 78' lang='grc'><strong>’</strong></span> <span class='ocrx_word' id='word_1_207' title='bbox 228 3238 399 3297; x_wconf 91' lang='lat' dir='ltr'>Adventum</span> <span class='ocrx_word' id='word_1_208' title='bbox 413 3237 570 3313; x_wconf 88' lang='lat' dir='ltr'>sociasque</span> <span class='ocrx_word' id='word_1_209' title='bbox 584 3247 663 3299; x_wconf 88' lang='lat' dir='ltr'>rates</span> <span class='ocrx_word' id='word_1_210' title='bbox 676 3237 803 3297; x_wconf 87' lang='lat' dir='ltr'>occurrit</span> <span class='ocrx_word' id='word_1_211' title='bbox 816 3240 950 3312; x_wconf 90' lang='lat' dir='ltr'>Acestes,</span> 
     </span>
    </p>
   </div>
   <div class='ocr_carea' id='block_1_6' title="bbox 227 3329 1114 3883">
    <p class='ocr_par' dir='ltr' id='par_1_7' title="bbox 227 3329 1114 3883">
     <span class='ocr_line' id='line_1_32' title="bbox 228 3329 969 3408; baseline 0.003 -19"><span class='ocrx_word' id='word_1_212' title='bbox 228 3331 379 3390; x_wconf 91' lang='lat' dir='ltr'>Horridus</span> <span class='ocrx_word' id='word_1_213' title='bbox 393 3330 424 3388; x_wconf 91' lang='lat' dir='ltr'>in</span> <span class='ocrx_word' id='word_1_214' title='bbox 441 3330 549 3408; x_wconf 85' lang='lat' dir='ltr'>jaculis</span> <span class='ocrx_word' id='word_1_215' title='bbox 562 3339 593 3389; x_wconf 92' lang='lat' dir='ltr'>et</span> <span class='ocrx_word' id='word_1_216' title='bbox 606 3330 684 3406; x_wconf 90' lang='lat' dir='ltr'>pelle</span> <span class='ocrx_word' id='word_1_217' title='bbox 699 3329 861 3408; x_wconf 88' lang='lat' dir='ltr'>Libystidis</span> <span class='ocrx_word' id='word_1_218' title='bbox 875 3350 969 3404; x_wconf 87' lang='lat' dir='ltr'>ursae,</span> 
     </span>
     <span class='ocr_line' id='line_1_33' title="bbox 227 3421 898 3499; baseline -0.001 -17"><span class='ocrx_word' id='word_1_219' title='bbox 227 3423 318 3483; x_wconf 89' lang='lat' dir='ltr'>Troia</span> <span class='ocrx_word' id='word_1_220' title='bbox 333 3422 462 3499; x_wconf 73' lang='lat' dir='ltr'>Crimiso</span> <span class='ocrx_word' id='word_1_221' title='bbox 475 3432 652 3499; x_wconf 82' lang='lat' dir='ltr'>conceptum</span> <span class='ocrx_word' id='word_1_222' title='bbox 667 3421 789 3481; x_wconf 89' lang='lat' dir='ltr'>flumine</span> <span class='ocrx_word' id='word_1_223' title='bbox 803 3433 898 3483; x_wconf 89' lang='lat' dir='ltr'>mater</span> 
     </span>
     <span class='ocr_line' id='line_1_34' title="bbox 228 3514 1114 3594; baseline 0.005 -20"><span class='ocrx_word' id='word_1_224' title='bbox 228 3517 326 3591; x_wconf 89' lang='lat' dir='ltr'>Quem</span> <span class='ocrx_word' id='word_1_225' title='bbox 340 3515 450 3593; x_wconf 88' lang='lat' dir='ltr'>genuit.</span> <span class='ocrx_word' id='word_1_226' title='bbox 493 3516 636 3573; x_wconf 89' lang='lat' dir='ltr'>Veterum</span> <span class='ocrx_word' id='word_1_227' title='bbox 649 3533 710 3573; x_wconf 90' lang='lat' dir='ltr'>non</span> <span class='ocrx_word' id='word_1_228' title='bbox 725 3514 881 3575; x_wconf 89' lang='lat' dir='ltr'>immemor</span> <span class='ocrx_word' id='word_1_229' title='bbox 894 3516 945 3577; x_wconf 87' lang='lat' dir='ltr'>ille</span> <span class='ocrx_word' id='word_1_230' title='bbox 958 3526 1114 3594; x_wconf 89' lang='lat' dir='ltr'>parentum</span> 
     </span>
     <span class='ocr_line' id='line_1_35' title="bbox 228 3608 911 3684; baseline -0.006 -17"><span class='ocrx_word' id='word_1_231' title='bbox 228 3610 368 3668; x_wconf 87' lang='lat' dir='ltr'>Gratatur</span> <span class='ocrx_word' id='word_1_232' title='bbox 382 3608 505 3683; x_wconf 84' lang='lat' dir='ltr'>reduces</span> <span class='ocrx_word' id='word_1_233' title='bbox 518 3618 549 3668; x_wconf 92' lang='lat' dir='ltr'>et</span> <span class='ocrx_word' id='word_1_234' title='bbox 561 3626 634 3684; x_wconf 84' lang='lat' dir='ltr'>gaza</span> <span class='ocrx_word' id='word_1_235' title='bbox 645 3608 744 3679; x_wconf 82' lang='lat' dir='ltr'>laetus</span> <span class='ocrx_word' id='word_1_236' title='bbox 757 3608 866 3684; x_wconf 84' lang='lat' dir='ltr'>agresti</span> <span class='ocrx_word' id='word_1_237' title='bbox 910 3658 911 3663; x_wconf 73' lang='grc'>,</span> 
     </span>
     <span class='ocr_line' id='line_1_36' title="bbox 228 3687 884 3778; baseline 0.002 -18"><span class='ocrx_word' id='word_1_238' title='bbox 228 3700 353 3778; x_wconf 86' lang='lat' dir='ltr'>Excipit,</span> <span class='ocrx_word' id='word_1_239' title='bbox 369 3719 404 3760; x_wconf 89' lang='lat' dir='ltr'>ac</span> <span class='ocrx_word' id='word_1_240' title='bbox 417 3687 515 3761; x_wconf 86' lang='lat' dir='ltr'>fessos</span> <span class='ocrx_word' id='word_1_241' title='bbox 528 3700 635 3777; x_wconf 91' lang='lat' dir='ltr'>opibus</span> <span class='ocrx_word' id='word_1_242' title='bbox 648 3699 760 3759; x_wconf 88' lang='lat' dir='ltr'>solatur</span> <span class='ocrx_word' id='word_1_243' title='bbox 774 3699 884 3761; x_wconf 86' lang='lat' dir='ltr'>amicis.</span> 
     </span>
     <span class='ocr_line' id='line_1_37' title="bbox 268 3792 991 3883; baseline -0.001 -29"><span class='ocrx_word' id='word_1_244' title='bbox 268 3796 393 3883; x_wconf 86' lang='lat' dir='ltr'>Postera</span> <span class='ocrx_word' id='word_1_245' title='bbox 406 3812 496 3871; x_wconf 92' lang='lat' dir='ltr'>quum</span> <span class='ocrx_word' id='word_1_246' title='bbox 508 3793 606 3880; x_wconf 78' lang='lat' dir='ltr'>primo</span> <span class='ocrx_word' id='word_1_247' title='bbox 619 3792 723 3853; x_wconf 90' lang='lat' dir='ltr'>stellas</span> <span class='ocrx_word' id='word_1_248' title='bbox 737 3792 861 3855; x_wconf 88' lang='lat' dir='ltr'>Oriente</span> <span class='ocrx_word' id='word_1_249' title='bbox 876 3793 991 3873; x_wconf 85' lang='lat' dir='ltr'>fugarat</span> 
     </span>
    </p>
   </div>
   <div class='ocr_carea' id='block_1_7' title="bbox 0 0 1517 4700">
    <p class='ocr_par' dir='ltr' id='par_1_8' title="bbox 0 0 1517 4700">
     <span class='ocr_line' id='line_1_38' title="bbox 0 0 1517 4700; baseline 0 0"><span class='ocrx_word' id='word_1_250' title='bbox 0 0 1517 4700; x_wconf 95' lang='lat' dir='ltr'> </span> 
     </span>
    </p>
   </div>
  </div>
 </body>
</html>
