3017 4700
344 335 410 388 24².
656 330 682 374 P.
700 328 834 373 VIRGILII
857 327 998 372 MARONIS

343 480 517 539 Conventus
532 475 622 536 trahit
632 474 665 534 in
678 475 794 536 medios
808 475 984 552 turbamque
1000 485 1164 550 sonantem,

343 572 382 629 Et
395 570 540 630 tumulum
553 569 641 646 capit,
655 569 737 629 unde
751 587 857 628 omnes
871 568 961 644 longo
975 567 1080 628 ordine
1094 569 1189 645 possit

140 698 196 733 m,
242 717 273 754 ,s
344 663 494 722 Adversus
507 663 611 739 legere,
627 671 658 721 et
670 661 843 721 venientum
857 659 970 721 discere
985 661 1130 744 vultus(
1278 693 1317 732 755

384 756 473 814 Nunc
486 773 549 834 age,
565 753 748 814 Dardaniam
762 754 875 831 prolem
890 770 966 830 quae
981 754 1090 814 deinde
1106 764 1244 832 sequatur

308 844 310 849 ’
343 847 453 921 Gloria,
469 848 520 924 qui
534 857 674 907 maneant
687 848 765 906 Itala
779 847 817 906 de
831 857 919 924 gente
933 857 1067 924 nepotes,

345 941 476 1001 Illustres
489 941 604 1000 animas
617 950 810 1016 nostrumque
824 939 855 998 in
870 940 1093 1016 nomenituraS,

344 1035 508 1110 Expediam
523 1033 618 1107 dictis,
634 1044 664 1093 et
676 1044 706 1094 te
721 1043 772 1093 tua
785 1033 846 1093 fata
859 1034 984 1094 docebo.

343 1127 408 1200 Ille,
423 1126 516 1200 vides,
530 1145 604 1203 pura
614 1125 733 1205 juvenis
746 1125 798 1204 qui
812 1126 914 1186 nititur
927 1128 1020 1202 hasta,
1277 1147 1317 1197 ,ευ

280 1217 284 1224 ’
343 1219 482 1279 Proxima
496 1230 576 1279 sorte
590 1228 673 1278 tenet
686 1219 760 1278 lucis
774 1220 849 1294 loca,
864 1219 975 1296 primus
989 1221 1027 1280 ad
1042 1237 1126 1282 aums

342 1313 497 1373 Aetherias
513 1313 590 1371 Italo
604 1311 780 1395 commixtus
795 1313 936 1390 sanguine
951 1324 1056 1392 surget,

242 1476 244 1483 Α
344 1403 458 1478 Silvius,
474 1406 626 1465 Albanum
638 1400 760 1480 nomen,
775 1416 827 1466 tua
839 1401 1096 1483 postumapioles,

345 1500 442 1573 Quem
457 1496 511 1558 tibi
525 1497 671 1575 longaevo
685 1517 782 1559 sarum
796 1500 920 1558 Lavinia
934 1501 1043 1579 conjux

345 1591 463 1651 Educet
473 1591 554 1662 silvis
567 1609 842 1669 regemregumque
856 1603 1018 1670 parentem,
1276 1612 1314 1662 ⁷⁶⁵

344 1684 435 1744 Unde
445 1688 542 1762 genus
556 1687 663 1764 Longu
675 1695 808 1745 nostrum
818 1685 1022 1746 dominabitur
1034 1684 1121 1747 Alba.

344 1775 499 1837 Proximus
512 1779 562 1838 ille
576 1781 694 1852 Procas,
709 1779 857 1858 Trojanae
870 1777 962 1856 gloria
975 1780 1080 1856 gentis,

345 1872 384 1929 Et
398 1871 507 1948 Capys,
523 1882 554 1932 et
568 1872 714 1945 Numitor,
729 1882 759 1932 et
774 1871 824 1948 qui
837 1883 868 1932 te
881 1872 1003 1932 n'omine
1017 1873 1121 1934 reddet

346 1963 452 2025 Silvius
467 1967 595 2039 Aeneas,
610 1965 719 2043 pariter
730 1965 840 2043 pietate
854 1967 902 2025 vel
915 1964 1003 2025 annis
1080 1955 1082 1962 ’

345 2058 496 2136 Egregius
512 2059 538 2120 si
552 2079 693 2136 umquam
706 2060 889 2137 regnandam
904 2059 1050 2135 acceperit
1065 2061 1180 2119 Albam.
1277 2089 1316 2128 770

346 2151 406 2228 Qui
416 2153 559 2232 juvenes!
581 2156 881 2236 quadms‘ostentant,
897 2147 1025 2229 adspic'e,
1041 2151 1125 2226 vires,

346 2247 447 2322 Atque
460 2247 595 2305 umbrata
607 2255 714 2322 gerunt
727 2243 806 2304 civili
821 2255 955 2320 ternpore
969 2250 1094 2322 quercu!

239 2350 241 2352 ’
347 2337 390 2397 Hi
405 2338 460 2398 tibi
474 2340 658 2399 Nomentum
671 2347 702 2398 et
715 2337 829 2399 Gabios
844 2338 1006 2415 urbemque
1021 2336 1173 2413 Fidenam,

347 2431 392 2491 Hi
406 2432 570 2493 Collatinas
583 2431 744 2508 imponent
752 2432 906 2491 montibus
921 2449 1012 2505 arces,

348 2525 498 2585 Pometios
513 2524 970 2601 Castrumquemuieolamque
985 2528 1160 2610 Coramque.
1278 2554 1316 2593 775

301 2644 310 2671 ι
348 2622 435 2678 Haec
449 2629 512 2678 tum
525 2617 647 2677 nomina
660 2628 753 2691 erunt,
769 2637 850 2677 nunc
864 2628 932 2678 sunt
946 2618 1009 2679 sine
1024 2618 1145 2679 nomine
1159 2628 1259 2679 terrae.

348 2710 428 2786 Quin
444 2722 473 2771 et
488 2730 543 2770 avo
556 2710 697 2770 comitem
711 2730 777 2771 sese
792 2711 959 2771 Mavortius
973 2712 1064 2771 addet

348 2805 503 2877 Romulus,
519 2803 656 2863 Assaraci
670 2822 759 2879 quem
774 2802 924 2881 sanguinis
939 2804 996 2864 Ilia
1009 2815 1102 2865 mater

348 2898 471 2957 Educet
507 2896 623 2970 Viden’,
638 2906 671 2957 ut
684 2896 820 2974 geminae
834 2907 913 2957 stant
926 2897 1035 2957 vertice
1049 2898 1162 2973 ctistae,
1235 2936 1238 2942 ,

349 2993 387 3051 Et
401 3000 486 3067 pater
499 2988 563 3067 ipse
575 3008 631 3049 suo
645 3008 783 3066 superum
794 2991 856 3069 jam
870 2989 966 3067 signat
979 2991 1113 3052 honore?
1279 3009 1317 3059 780

348 3085 404 3157 En,
420 3084 515 3162 hujus,
530 3093 608 3157 nate,
624 3083 763 3160 auspiciis
777 3083 952 3143 illaincluta
966 3086 1066 3145 Roma

348 3176 511 3253 Imperium
526 3177 619 3251 terris,
634 3176 751 3237 ammos
765 3178 906 3253 aequabit
919 3178 1058 3255 Olympo,

348 3272 526 3347 Septemque
539 3288 599 3329 una
612 3269 668 3331 sibi
681 3288 770 3331 muro
781 3268 975 3331 circumdabit
988 3286 1079 3345 arces,

349 3362 432 3422 Felix
445 3364 528 3440 prole
540 3362 654 3423 virum:
673 3364 769 3441 qualis
785 3362 958 3443 Berecyntia
972 3374 1065 3441 muter

348 3455 502 3517 Invehitur
513 3476 600 3517 curru
613 3456 869 3534 Phrygiasturrita
882 3475 935 3533 per
948 3457 1044 3531 urbes,

348 3552 442 3609 Laeta
455 3550 543 3609 deum
556 3561 654 3627 partu,
666 3561 786 3611 cenmm
798 3550 956 3627 complexa
968 3560 1101 3627 nepotes,
1201 3626 1202 3633 ἵ

317 3721 320 3725 A
348 3643 461 3704 Omnes
475 3643 641 3717 coelicolas,
657 3662 762 3703 omnes
777 3662 887 3719 supera
896 3643 956 3703 alta
969 3653 1112 3704 tenentes.

348 3736 421 3795 Huc
433 3735 566 3814 geminas
580 3754 663 3816 nuuc
673 3734 761 3795 flecte
775 3734 862 3808 acies,
877 3736 955 3797 hanc
969 3736 1090 3813 adspice
1104 3746 1222 3815 gentem
