3017 4700
429 423 437 434 ”
530 435 736 480 muranoxrn.
760 437 818 480 trs.
841 438 881 480 rv.

222 583 356 660 Occupat
370 599 513 654 aversum,
528 601 587 641 neu
601 599 688 641 saeva
702 592 870 659 retorqueat
883 601 943 657 ora,

221 674 415 753 Squamigeris
430 674 532 734 avidos
546 675 609 751 figit
622 673 784 734 cervicibus
798 695 931 752 ungnes,

224 769 272 830 Sic
287 769 374 830 celeri
388 769 493 828 missus
508 787 649 844 praeceps
663 787 716 844 per
730 769 817 828 inane
832 770 933 828 volatu

220 865 315 939 Terga
329 863 406 921 ferae
422 861 534 938 pressit,
550 861 713 937 dextroque
728 861 879 922 frementis
893 861 924 920 in
939 881 1021 922 armo

221 955 379 1016 Inachides
394 955 500 1014 serrum
515 973 604 1012 curvo
619 963 704 1013 tenus
719 955 834 1014 abdidit
847 955 946 1014 hamo.

219 1049 349 1107 Vulnere
364 1048 444 1106 laesa
457 1047 537 1123 gravi
551 1047 642 1106 modo
657 1066 688 1106 se
704 1048 837 1107 sublimis
851 1047 881 1106 in
897 1067 982 1108 auras

219 1140 345 1213 Attollit‚
361 1141 452 1199 modo
468 1139 567 1198 subdit
582 1139 674 1216 aquis,
690 1140 782 1199 modo
796 1159 877 1200 more
892 1139 998 1200 ferocis

218 1236 325 1292 Versat
339 1233 410 1310 apri,
426 1251 515 1309 quem
530 1234 614 1292 turba
628 1251 733 1292 canum
749 1221 935 1293 circumsona
948 1230 1044 1294 terret

219 1328 274 1387 Ille
290 1326 392 1386 avidos
407 1343 520 1384 morsus
535 1325 686 1386 velocibus
701 1327 801 1405 effugit
815 1326 877 1400 alis,

219 1421 344 1496 Quaque
358 1429 470 1497 patent,
486 1437 565 1478 nunc
579 1427 660 1495 terga
673 1420 752 1478 cavis
768 1439 855 1497 super
868 1419 966 1480 obsita
979 1420 1111 1495 conchis,

220 1515 309 1572 Nunc
323 1514 445 1573 laterum
460 1522 565 1585 costaS,
582 1531 661 1571 nunc
675 1531 734 1589 qua
747 1513 919 1573 tenuissima
933 1514 1030 1573 cauda

219 1605 336 1665 Desinit
350 1605 380 1664 in
394 1605 515 1682 piscem,
531 1605 638 1664 falcato
652 1607 786 1665 verberat
800 1625 879 1666 ense.

218 1700 320 1758 Bellua
334 1697 461 1775 puniceo
475 1697 583 1757 mixtos
598 1702 665 1757 cum
681 1699 821 1776 sanguine
835 1699 943 1760 fluctus

218 1793 278 1852 Ore
293 1791 393 1851 vomit.
437 1791 581 1850 Maduere
595 1810 697 1867 graves
711 1791 886 1871 adspergine
900 1812 1038 1870 pennae,

218 1887 284 1945 Nec
298 1883 408 1944 bibulis
422 1885 497 1944 ultra
512 1886 635 1943 Perseus
650 1883 788 1944 talaribus
803 1904 890 1945 ausus

218 1978 355 2051 Credere,
371 1976 525 2054 conspexit
539 1978 702 2054 scopulum,
720 1977 771 2053 qui
785 1978 894 2038 vertice
910 1999 1026 2040 summo

218 2070 476 2132 Stantibus-exstat
491 2069 582 2146 aquis,
598 2068 728 2145 operitur
743 2071 781 2129 ab
797 2089 925 2147 aequore
941 2083 1044 2133 moto:

220 2164 314 2224 Nixus
329 2182 365 2223 eo
379 2163 517 2240 rupisque
531 2173 634 2221 tenens
646 2163 717 2241 juga
731 2162 826 2238 prima
840 2164 964 2239 sinistra,
1082 2168 1086 2175 ’

218 2260 278 2316 Ter
292 2268 393 2333 quater
407 2255 502 2332 exegit
516 2255 641 2332 repetita
655 2273 706 2331 per
720 2254 771 2314 ilia
784 2256 900 2317 lenum.

218 2350 319 2411 Litora
333 2366 401 2409 cunr
414 2349 517 2426 plausu
532 2348 643 2408 clamor
657 2368 836 2427 superasque
852 2352 975 2412 deomm

218 2446 382 2521 implevere
397 2443 520 2502 domos:
540 2443 670 2519 gaudent
683 2462 884 2523 generumque
899 2447 1035 2520 salutant,

217 2536 424 2613 Auxiliumque
439 2537 545 2596 domus
560 2547 799 2615 servatoremque
814 2541 942 2600 fatentur

218 2630 362 2707 Cassiope
377 2630 575 2707 Cepheusque
588 2640 679 2707 pater.
726 2632 871 2692 Resoluta
884 2632 996 2691 catenis
1026 2660 1030 2669 ·

218 2723 335 2784 Incedit
349 2722 438 2800 virgo,
453 2722 638 2800 pretiumque
653 2734 684 2783 et
698 2742 788 2784 causa
801 2724 917 2785 laboris.

218 2819 287 2894 lpse
302 2835 406 2875 manus
420 2817 525 2875 hausta
538 2816 671 2876 victrices
687 2817 780 2878 abluit
793 2818 893 2891 unda3

217 2908 467 2985 Anguiferumque
482 2919 571 2985 caput
585 2910 666 2969 nuda
681 2929 719 2970 ne
734 2911 833 2970 laedat
847 2930 944 2983 arena,

218 3002 320 3063 Mollit
333 3002 455 3061 humum
470 3001 546 3061 loliis
562 3013 707 3080 natasque
722 3004 777 3063 sub
792 3023 919 3081 aequore
933 3003 1029 3082 virgas

110 3166 114 3175 ,
218 3094 333 3169 Sternit,
349 3106 379 3155 et
392 3094 518 3171 imponit
535 3096 738 3173 Phorcynidos
753 3115 806 3156 ora
819 3098 972 3157 Medusae.

217 3190 308 3265 Virga
318 3206 420 3248 recens
435 3186 595 3271 bibulaque
611 3188 773 3249 etiamnum
786 3189 854 3250 viva
866 3190 997 3250 medulla

217 3282 287 3340 Vim
301 3280 396 3357 rapuit
410 3281 543 3355 monstri,
560 3292 700 3359 tactuque
715 3281 845 3343 induruit
859 3283 954 3361 hujuS,

218 3373 412 3451 Percepitque
427 3393 538 3434 novum
552 3374 639 3433 ramis
654 3384 684 3433 et
697 3375 803 3434 fronde
816 3376 951 3452 rigorem.

218 3472 260 3527 At
273 3466 369 3544 pelagi
384 3468 543 3544 Nymphae
557 3467 667 3527 factum
682 3466 815 3528 mirabile
829 3479 945 3528 tentant

218 3559 354 3620 Pluribus
368 3559 398 3617 in
414 3560 510 3637 virgis,
527 3571 557 3619 et
570 3559 650 3619 idem
665 3559 836 3637 contingere
850 3562 989 3637 gaudent,

218 3652 395 3729 Seminaque
410 3672 448 3712 ex
462 3652 518 3711 illis
532 3651 638 3712 iterant
656 3653 769 3731 jactata
781 3672 834 3729 per
847 3654 950 3713 undas.

218 3749 307 3806 Nunc
322 3764 442 3822 quoque
457 3744 572 3805 curaliis
587 3744 692 3804 eadem
707 3755 812 3805 natura
819 3745 973 3820 remansit,

219 3838 365 3901 Duritiam
379 3848 459 3899 tacto
474 3836 592 3915 capiant
606 3847 639 3897 ut
655 3838 693 3897 ab
708 3844 783 3913 aere,
799 3839 940 3915 quodque
