3017 4700
581 387 762 432 GEORGlCON
784 388 843 432 LlB.
866 389 899 432 11.

254 534 445 612 Persequitur
457 534 548 596 vitem
560 535 721 595 attondens
733 534 877 612 fingitque
890 536 1033 612 putando.

253 628 368 687 Primus
382 628 506 687 humum
519 627 623 701 fodito,
638 628 749 706 primus
764 627 888 686 devecta
902 639 1034 688 cremato

253 723 415 801 Sarmenta,
431 732 461 780 et
473 721 567 780 vallos
580 720 692 798 primus
705 721 762 779 sub
777 729 856 779 tecta
869 722 995 795 refert03

254 815 424 874 Postremus
438 813 549 873 metito.
593 813 643 873 Bis
657 811 765 872 vitibus
780 813 886 889 ingruit
904 815 1028 888 umbra,
1189 845 1227 882 μα

253 907 303 965 Bis
317 918 448 984 segetem
463 906 563 966 densis
577 907 730 966 obducunt
744 905 877 966 sentibus
891 906 1020 982 herbae,

252 1001 353 1059 Durus
366 1010 490 1075 uterque
505 1000 608 1060 labor:
628 999 750 1060 laudato
764 998 895 1076 ingentia
908 1018 983 1073 rura,

253 1092 400 1169 Exiguum
413 1092 512 1151 colito.
556 1093 696 1152 Necnon
710 1090 801 1151 etiam
815 1111 918 1168 aspera
932 1092 1009 1152 rusci

252 1185 374 1243 Vimina
386 1205 441 1262 per
454 1184 567 1258 silvam,
582 1195 613 1244 et
626 1184 697 1260 ripis
711 1184 835 1244 fluvialis
850 1186 963 1245 arundo

252 1279 403 1351 Caeditur,
417 1277 911 1354 incultiqueexercetcurasalicti.
1188 1309 1226 1347 41⁵

249 1373 319 1448 Jam
332 1371 449 1431 vinctae
462 1371 547 1444 vites,
560 1372 623 1446 jam
636 1371 743 1430 falcem
758 1372 877 1432 arbusta
890 1382 1046 1448 reponunt,

249 1464 319 1539 Jam
331 1463 412 1522 canit
425 1465 546 1523 effectos
560 1474 709 1523 extremus
722 1463 831 1522 vinitor
844 1474 946 1524 antes:

250 1556 442 1616 Sollicitanda
455 1567 554 1616 tamen
569 1556 664 1630 tellus,
676 1556 832 1634 pulvisque
847 1558 1022 1632 movendus

251 1651 290 1708 Et
301 1651 365 1725 jam
378 1649 498 1714 maturis
511 1650 690 1710 metuendus
703 1649 840 1726 Juppiter
853 1649 925 1710 uvis

290 1743 406 1802 Contra
419 1761 480 1802 non
494 1744 554 1802 ulla
568 1753 614 1804 est
627 1744 701 1804 oleis
715 1744 850 1819 cultura,·
869 1763 967 1820 neque
981 1743 1049 1804 illae
1187 1775 1225 1811 μυ

250 1837 429 1894 Procurvam
442 1846 616 1912 exspectant
629 1837 736 1896 falcem
750 1847 919 1912 rastrosque
934 1848 1062 1910 tenaces,

250 1929 351 2003 Quum
365 1929 458 1987 semel
471 1929 629 1988 haeserrmt
642 1928 719 1988 arvis
733 1948 877 2004 aurasque
892 1931 1039 2004 tulerunt;

250 2023 323 2099 Ipsa
336 2020 408 2080 satis
421 2022 518 2096 tellus,
534 2041 626 2098 quum
639 2023 729 2081 dente
743 2021 904 2082 recluditur
917 2040 1003 2094 unco,

248 2114 362 2175 Sufficit
374 2115 529 2174 humorem
542 2125 573 2174 et
584 2113 720 2191 gravidas
733 2133 803 2174 cum
817 2132 936 2173 vomere
950 2115 1068 2190 fruges3

249 2209 321 2267 Hoc
334 2207 475 2285 pinguem
489 2219 519 2267 et
532 2207 672 2284 placitam
687 2207 758 2267 Paci
771 2206 897 2267 nutritor
911 2206 1028 2266 olivam.
1183 2237 1221 2276 μς

289 2303 384 2361 Poma
397 2320 527 2379 quoque,
542 2311 575 2361 ut
588 2301 715 2379 primum
729 2311 848 2361 trrmcos
863 2318 981 2361 sensere
994 2300 1127 2363 valentes

250 2397 288 2454 Et
300 2395 377 2455 vires
389 2396 520 2456 habuere
532 2414 608 2469 suas,
624 2396 663 2455 ad
676 2394 773 2455 sidera
786 2394 893 2472 raptim

247 2489 287 2546 Vi
300 2488 420 2567 propria
432 2488 565 2549 nituntur
577 2488 702 2566 opisque
715 2489 795 2548 haud
809 2487 911 2564 indiga
924 2496 1049 2547 nostrae

248 2584 314 2641 Nec
328 2582 426 2641 minus
440 2580 627 2641 intercaletur
640 2599 745 2641 nemus
759 2598 848 2641 omne
861 2582 1019 2659 gravescit,

247 2673 481 2757 Sanguineisque
494 2672 606 2734 inculta
618 2675 726 2733 rubent
739 2673 847 2733 aviaria
860 2674 980 2733 baccis:
1183 2704 1221 2742 ⁴³⁰

247 2768 424 2827 Tondentur
436 2766 529 2843 cytisi,
544 2767 647 2825 taedam
660 2767 735 2826 silva
748 2768 809 2825 alta
822 2768 977 2841 ministrat,

248 2862 471 2935 Pascunturque
486 2858 569 2935 ignes
582 2858 720 2919 nocturni
734 2870 765 2919 et
779 2860 891 2919 lumina
904 2860 1049 2919 fundunt:

248 2954 287 3012 Et
301 2951 439 3012 dubitant
451 2951 589 3013 homines
602 2970 697 3012 serere
711 2962 800 3029 atque
814 2952 987 3029 impendere
1001 2956 1123 3013 curam?

248 3045 329 3122 Quid
345 3045 458 3123 majora
471 3047 596 3121 sequar?
616 3045 721 3105 salices
733 3046 919 3121 humilesque
932 3056 1082 3123 genestae,

248 3137 507 3214 Autillaepecori
519 3138 655 3197 frondem
668 3147 720 3197 aut
733 3136 901 3214 pastoribus
914 3142 1034 3201 umbras
1182 3170 1220 3207 ⁴35

246 3230 408 3303 Sufficiunt,
423 3249 604 3307 saepemque
617 3229 687 3289 satis
700 3240 732 3289 et
744 3230 856 3306 pabula
868 3232 956 3291 melli

246 3324 286 3383 Et
296 3325 382 3400 juvat
394 3324 558 3383 undantem
570 3324 651 3381 buxo
664 3333 797 3399 spectare
812 3324 955 3399 Cytorum

245 3415 451 3495 Naryciaeque
463 3414 538 3492 picis
551 3415 645 3488 lucos,
657 3416 741 3490 juvat
755 3434 825 3475 arva
837 3416 937 3476 videre

245 3513 317 3570 Non
331 3508 441 3581 rastris,
454 3506 609 3567 bominum
623 3526 684 3566 non
698 3507 751 3567 ulli
765 3509 897 3569 obnoxia
909 3528 1005 3571 curae.

245 3605 336 3679 Ipsae
350 3600 497 3662 Caucasio
510 3598 623 3661 steriles
635 3599 668 3659 in
680 3600 790 3661 vertice
804 3601 904 3675 silvae,
1180 3634 1218 3671 ῳ

246 3697 329 3771 Quas
342 3692 469 3753 animosi
483 3692 554 3751 Euri
566 3692 691 3753 adsidue
704 3693 900 3771 frangrmtque
914 3696 1078 3773 feruntque,

246 3790 330 3848 Dant
343 3786 418 3846 alios
431 3785 506 3845 aliae
520 3787 607 3858 fetus,
620 3785 695 3847 dant
706 3785 779 3847 utile
793 3787 907 3865 lignum
