3017 4700
297 410 334 463 14
627 405 652 449 r.
674 405 774 448 ovmrr
797 403 930 448 unsoms
999 459 1002 468 Ι

295 533 500 628 Imposuitque
514 569 618 612 comae
632 550 738 625 radios,
754 568 954 628 praesagaque
968 549 1064 608 luctus

294 647 419 704 Pectore
433 641 560 704 sollicito
574 655 711 721 repetens
727 643 850 720 'suspiria
862 641 953 702 dixit:

294 737 324 798 Si
338 747 424 815 potes
438 737 485 796 his
500 738 603 798 saitem
618 737 739 813 monitis
754 755 857 813 parere
870 734 1009 813 parentis,
1030 783 1033 786 .

294 833 395 904 Parce,
410 849 491 908 puer,
508 828 640 903 stimulis,
657 818 687 892 ht
699 829 802 890 fortius
815 839 897 888 utere
911 828 982 888 loris
993 852 1008 888 τι

296 925 409 1000 Sponte
424 942 478 983 sua
491 933 668 1000 properant3
688 923 773 983 labor
786 930 833 981 est
846 921 979 982 inhibere
989 924 1132 984 volentes.

295 1019 361 1076 Nec
376 1016 429 1076 tibi
444 1016 572 1077 directos
586 1018 702 1093 placeat
716 1014 764 1074 via
778 1014 909 1092 quinque
923 1036 977 1094 per
990 1036 1081 1076 arcus.

244 1104 246 1110 '
294 1112 398 1171 Sectus
412 1109 443 1182 in
459 1109 612 1186 obliquum
626 1120 670 1168 est
684 1110 745 1170 lato
760 1109 929 1185 curvamine
943 1110 1037 1184 limes,

295 1205 500 1279 Zonammque
514 1203 601 1262 trium
615 1191 774 1262 contentus
788 1202 847 1263 fine
863 1204 1025 1280 polumque
1119 1217 1123 1224 ·
1148 1217 1153 1244 ·

296 1294 405 1372 Effugit
420 1296 577 1354 australem
589 1289 783 1372 junctamquh
797 1292 985 1373 aquilonibus
998 1251 1142 1358 Arctonh

196 1419 198 1424 ·
295 1391 365 1448 Hac
380 1387 417 1447 sit
431 1387 486 1447 iter
495 1409 514 1461 ;·
524 1386 680 1448 manifesta
693 1400 776 1450 rotae
790 1389 913 1466 vestigia
926 1408 1036 1449 cernes

295 1484 398 1557 thue
412 1482 506 1550 serant
520 1500 633 1557 aequos
647 1492 678 1542 et
691 1483 809 1543 coelum
824 1493 853 1544 et
867 1492 943 1542 terra
956 1483 1076 1556 calores,

295 1577 325 1634 N
327 1593 361 1634 ee
375 1592 477 1651 preme
491 1593 548 1633 nec
562 1594 711 1635 summum
725 1575 828 1636 molire
841 1595 896 1653 per
908 1576 1028 1636 aethera
1041 1595 1175 1636 currum:
1230 1605 1240 1631 1

294 1667 392 1727 Altius
407 1685 542 1743 egressus
555 1669 698 1748 coelestia
711 1679 790 1730 tecta
803 1668 961 1743 cremabis,

296 1759 421 1820 Inferius
436 1770 546 1835 terras,
565 1761 666 1822 medio
680 1761 843 1822 tutissimus
857 1760 920 1822 ibis.

295 1856 365 1914 Neu
379 1862 408 1913 te
424 1852 571 1915 dexterior
585 1865 696 1915 tortum
711 1855 841 1916 declinet
854 1856 893 1915 ad
907 1835 1052 1933 Anguem,

296 1950 381 2021 Neve
396 1945 558 2010 sinisterior
571 1968 702 2026 pressam
716 1959 781 2010 rota
794 1950 884 2008 ducat
897 1949 937 2008 ad
949 1952 1041 2008 Aram
1054 1972 1060 2008 :

296 2043 379 2100 Inter
392 2050 548 2117 utrumque
563 2052 639 2102 tene.
683 2040 832 2102 Fortunae
846 2051 945 2102 cetera
957 2042 1077 2115 mando,

296 2135 382 2209 Quae
394 2135 478 2210 iuvet
492 2143 523 2194 et
536 2135 640 2194 melius
656 2154 744 2212 quam
759 2145 792 2194 tu
806 2134 860 2195 tibi
873 2136 1018 2208 consulat,
1033 2146 1115 2212 opto.

296 2229 378 2287 Dum
392 2229 506 2304 loquor,
526 2227 674 2304 Hesperio
689 2226 803 2306 positas
818 2227 848 2287 in
863 2227 950 2288 litore
964 2239 1058 2288 metas

296 2320 431 2382 Humida
445 2339 505 2381 nox
519 2320 628 2401 tetigit„
665 2324 735 2382 Non
750 2332 796 2383 est
809 2339 893 2382 mora
906 2321 999 2382 libera
1011 2320 1118 2396 nobis;

295 2415 457 2488 Poseimur‚
474 2425 503 2475 et
517 2396 610 2491 htge't
623 2414 752 2475 tenebris
768 2417 886 2474 Aurora
898 2413 1011 2491 sugatis.

296 2508 420 2586 Corripe
434 2508 497 2567 lora
511 2495 608 2582 hranu,
623 2509 679 2581 vel,
696 2507 721 2567 si
735 2507 877 2568 mutabile
890 2518 997 2584 pectus

296 2604 350 2661 Est
365 2600 427 2674 tibi,
443 2600 581 2674 consiliis,
597 2618 659 2660 non
674 2600 807 2661 curribus
819 2612 902 2661 utere
916 2600 1033 2674 nostris,
1149 2662 1152 2665 ,

296 2697 377 2754 Dum
392 2705 478 2771 potes
493 2704 523 2754 et
537 2692 640 2753 solidis
654 2693 743 2753 etiam
758 2713 838 2753 nunc
853 2693 975 2754 sedibus
989 2695 1098 2768 adstas,
1118 2691 1122 2697 ’

296 2790 437 2863 Dumque
452 2788 529 2846 male
543 2797 662 2863 optatos
677 2787 811 2846 nondum
824 2786 940 2864 premis
948 2786 1059 2847 inscius
1072 2806 1149 2861 axes.
1210 2779 1215 2789 ’

296 2883 382 2957 Quae
397 2890 476 2939 tutus
491 2890 617 2957 specteS,
633 2879 697 2940 sine
711 2899 761 2940 me
775 2880 845 2940 dare
860 2880 971 2939 lumina
984 2879 1076 2941 terris.

296 2976 433 3050 Occupat
447 2972 496 3033 ille
510 2974 606 3033 levem
618 2972 741 3050 juvenili
756 2991 881 3050 corpore
895 2992 1020 3048 currum,

253 3102 256 3110 ν
295 3068 418 3143 Statque
433 3085 521 3143 super
535 3065 731 3143 manibusque
745 3067 831 3127 datas
844 3067 1016 3144 contingere
1030 3067 1164 3129 habenas

296 3160 423 3233 Gaudet,
440 3170 469 3219 et
482 3158 576 3219 invito
589 3171 686 3237 grates
700 3159 761 3237 agit
775 3158 845 3219 inde
859 3160 981 3237 parenti
1027 3194 1034 3205 ·

296 3256 416 3338 Interea
428 3254 570 3325 volucres,
588 3252 716 3330 Pyrqiiis,
734 3255 824 3334 Eous,
839 3264 870 3334 et
882 3254 1012 3327 Aethon,

296 3344 372 3406 Solis
388 3341 464 3455 equi,
482 3329 663 3422 quartusque¹
676 3337 819 3498 Phlffsson,
834 3341 1098 3450 hinpitibuspuras

296 3438 491 3545 Flammrqeps
505 3438 630 3515 implent
643 3438 741 3524 pedii)
757 3459 831 3516 sque
844 3458 876 3500 re
898 3441 989 3555 agula1
998 3442 1124 3517 pulsant
1233 3472 1243 3498 ι

296 3533 382 3607 Quae
396 3542 556 3609 postquam
571 3532 694 3621 Tethys,
709 3530 836 3595 fatorum
851 3458 952 3632 igere
964 3523 1090 3615 nepotis,

200 3624 202 3629 ’
296 3624 433 3702 Repulit,
445 3606 475 3685 ei
487 3626 565 3694 facta
578 3629 625 3685 est
638 3624 777 3685 immensi
790 3626 878 3703 copia
891 3626 1004 3701 mundi,

296 3718 472 3817 Corripufre
486 3714 573 3803 viam,
581 3720 775 3802 'pedibusque
788 3735 842 3797 per
855 3719 1029 3823 aeraImotis

297 3812 461 3920 Obstanpes
475 3810 616 3894 scindunt
630 3813 763 3894 nebuias,
778 3833 817 3890 pe
860 3813 945 3892 isque
959 3815 987 3874 le
1007 3814 1048 3875 ati

1049 3978 1059 3988 '
1102 3991 1105 3995 r
