3017 4700
295 837 347 932 P.
375 788 720 930 vrneiun
758 825 1113 933 Maronis

575 1074 830 1140 GEORGICA.

652 1271 751 1305 -ο-

590 1426 751 1485 LIBER
781 1427 824 1501 1.¹

214 1587 303 1661 Quin
316 1585 404 1646 faciat
417 1587 509 1646 laetas
523 1596 648 1664 segetes,
664 1604 724 1662 quo
739 1584 835 1646 sidere
849 1595 956 1647 terram

212 1682 344 1753 Vertere,
362 1681 531 1753 Maecenas,
547 1679 695 1756 ulmisque
710 1680 871 1762 adjungere
885 1681 960 1754 vites

213 1773 388 1845 Conveniat,
405 1791 481 1848 quae
496 1791 566 1832 cura
579 1775 681 1846 boum,
698 1771 748 1848 qui
764 1774 859 1833 cultus
873 1774 1014 1835 habendo

212 1865 256 1925 Sit
270 1865 378 1942 pecori,
395 1865 502 1943 apibus
517 1875 629 1941 quanta
643 1864 824 1942 experientia
839 1867 944 1943 parcis,
1083 1936 1086 1944 ,

213 1959 297 2018 Hinc
311 1977 417 2018 canere
432 1957 580 2035 incipiam.
622 1960 695 2032 Vos,
711 1976 730 2017 ο
744 1957 907 2018 clarissima
921 1959 1025 2020 mundi
1070 2017 1077 2031 ,
1175 1991 1186 2028 5

212 2051 348 2124 Lumina,
363 2052 514 2111 labentem
528 2051 615 2111 coelo
629 2070 705 2127 quae
721 2050 828 2110 ducitis
843 2070 972 2128 annum,

212 2145 302 2205 Liber
316 2156 346 2204 et
360 2145 438 2203 alma
452 2146 552 2216 Ceres,
568 2138 666 2203 vestr'o
681 2142 706 2202 si
721 2162 842 2203 munere
857 2145 943 2204 tellus

212 2237 379 2297 Chaoniam
393 2236 496 2313 pingui
509 2236 649 2314 glandem
663 2234 788 2295 mutavit
802 2235 897 2309 arista,

211 2331 382 2407 Poculaque
397 2328 524 2390 inventis
540 2327 685 2390 Acheloia
698 2328 817 2391 miscuit
831 2331 896 2391 uvis
907 2353 916 2406 3

211 2426 250 2483 Et
264 2444 326 2497 vos,
342 2434 489 2501 agrestum
504 2411 669 2500 praesentia
682 2422 812 2497 numina,
829 2424 933 2498 Fauni,

154 2572 165 2583 ,
211 2518 297 2577 Ferte
312 2517 398 2576 simul
414 2515 566 2593 Faunique
581 2516 689 2593 pedem
705 2516 902 2593 Dryadesque
916 2517 1052 2594 puellae:

211 2612 338 2669 Munera
350 2620 447 2669 vestra
460 2627 544 2668 cano.
587 2610 694 2686 Tuque
709 2628 737 2682 0,
753 2609 801 2669 cui
815 2611 911 2687 prima
930 2611 1102 2671 frementem

181 2708 187 2721 ‘
210 2702 300 2762 Fudit
314 2721 422 2778 equum
438 2720 546 2778 magno
561 2702 648 2762 tellus
662 2721 802 2780 percussa
816 2702 943 2777 tridenti,

210 2798 371 2872 Neptune;
391 2805 421 2854 et
434 2796 530 2854 cultor
543 2814 706 2869 nemorum,
722 2794 770 2855 cui
789 2794 911 2873 pinguia
926 2799 1006 2857 Ceae

209 2890 401 2947 Tercentum
417 2886 496 2947 nivei
510 2888 636 2947 tondent
650 2889 771 2948 dumeta
783 2888 921 2967 juvenci;
1160 2920 1181 2957 ις
1263 2954 1268 2971 ,

210 2982 289 3056 lpse,
304 2999 410 3039 nemus
424 2981 562 3057 linquens
576 2980 703 3058 patrium
717 2982 868 3057 saltusque
883 2980 1000 3057 Lycaei,

210 3076 282 3145 Pan,
299 3072 399 3132 ovium
413 3083 522 3146 custos
538 3082 589 3132 tua
603 3073 627 3133 si
642 3072 695 3132 tibi
711 3074 851 3132 Maenala
865 3092 960 3148 curae,

210 3165 310 3239 Adsis,
327 3184 347 3225 o
360 3165 505 3242 Tegeaee,
521 3165 632 3239 favens,
649 3167 792 3242 oleaeque
807 3165 943 3225 Minerva

159 3278 165 3287 ·
209 3257 371 3331 Inventrix,
387 3259 515 3335 uncique
529 3277 603 3336 puer
616 3268 794 3317 monstrator
808 3258 902 3333 aratri,

208 3353 248 3409 Et
262 3362 393 3411 teneram
407 3353 446 3411 ab
460 3350 560 3411 radice
574 3351 679 3424 ferens,
696 3350 822 3425 Silvane,
838 3370 1018 3428 cupressum,

190 3436 196 3445 ’
208 3443 308 3520 Dique
323 3444 457 3521 deaeque
472 3462 585 3518 omnes,
601 3442 731 3504 studium
745 3443 852 3520 quibus
867 3463 935 3504 arva
949 3444 1031 3519 tueri,

208 3537 327 3613 Quique
341 3556 435 3597 novas
450 3537 528 3597 alitis
543 3556 604 3596 non
619 3538 680 3596 ullo
695 3536 807 3596 semine
822 3538 927 3614 fruges,

206 3629 327 3706 Quique
342 3630 414 3690 satis
427 3629 540 3707 largum
554 3631 640 3689 coelo
654 3628 807 3690 demittitis
821 3630 946 3690 imbrem
957 3652 966 3705 3

205 3724 313 3800 Tuque
328 3722 414 3796 ade0,
430 3742 519 3799 quem
534 3742 604 3782 mox
619 3741 695 3799 quae
710 3722 769 3782 sint
783 3723 919 3783 habitura
932 3725 1055 3783 deorum

206 3815 351 3889 Concilia‚
367 3815 512 3878 incertum
525 3825 578 3889 est,
593 3815 719 3875 urbesne
733 3814 867 3890 invisere,
884 3818 1002 3889 Caesar,
