3017 4700
313 404 351 474 64
414 417 441 460 a.
462 405 568 484 ovrurr'
585 417 719 461 uasours
739 417 891 492 rrusrruu
913 417 1030 460 L1a1v.
1051 419 1138 462 nano.
1156 421 1189 462 rc

313 562 414 636 Quum
429 563 516 624 maris
532 561 640 622 Euxini
653 562 767 640 positos
782 563 821 622 ad
834 563 919 623 laeva
932 562 1067 624 Tomitas

353 655 503 730 Quaerere
517 676 566 716 me
580 656 651 716 laesi
667 647 812 733 Principis
825 655 868 715 ira
879 657 972 732 jubet

313 749 413 809 Causa
426 768 511 809 meae
526 750 640 810 cunctis
654 750 779 808 nimium
794 741 913 825 quoque
927 760 1000 810 nota
1012 749 1114 810 ruinae

354 841 472 903 Indicio
486 853 603 902 nonest
617 842 805 902 testificanda
818 860 894 902 meo.
1201 883 1205 892 ·
1254 875 1292 904 ιω

207 939 214 944 ’
313 933 395 1008 Quid
409 936 532 994 referam
547 934 748 1012 comitumque
764 934 846 995 nefas
860 933 1045 1012 famulosque
1059 941 1226 999 nocentes?

354 1030 425 1104 Ipsa
439 1029 533 1088 multa
546 1027 600 1087 tuli
614 1047 676 1088 non
691 1026 801 1087 leviora
814 1027 889 1103 suga

313 1119 473 1197 Indignata
486 1120 572 1180 malis
585 1140 670 1180 mens
685 1130 730 1180 est
744 1121 943 1193 succumbere,
960 1139 1053 1198 seque

355 1213 503 1274 Praestitit
517 1213 657 1273 invictam
670 1212 780 1272 viribus
794 1231 848 1271 usa
861 1211 920 1271 suis
931 1233 940 1285 3
991 1222 993 1227 '

313 1305 493 1383 Oblitusque
507 1305 567 1365 mei
582 1307 747 1382 ductaeque
761 1325 815 1382 per
828 1304 889 1367 otia
901 1304 988 1379 vitae,

353 1399 479 1460 Insolita
493 1399 559 1476 cepi
575 1398 715 1476 temporis
729 1418 810 1458 arma
823 1417 933 1472 manu3

312 1495 432 1569 Totque
447 1492 500 1552 tuli
515 1504 591 1552 terra
605 1512 690 1554 casus
704 1494 878 1570 pelagoque,
894 1503 967 1568 quot
980 1491 1058 1552 inter

353 1587 514 1647 Occultum
530 1587 630 1645 stellae
645 1584 897 1662 conspicuumque
911 1586 1021 1662 polum.

312 1680 407 1738 Tacta
420 1678 492 1737 mihi
507 1680 628 1740 tandem
642 1678 737 1754 longis
751 1677 898 1738 erroribus
912 1689 994 1747 acto
1068 1697 1071 1701 ·

352 1774 461 1846 Juncta
474 1770 648 1848 pharetratis
664 1771 803 1830 Sarmatis
818 1789 870 1831 ora
884 1770 976 1832 Getis.

312 1864 375 1925 Hic
390 1884 454 1942 ego,
471 1864 602 1924 finitimis
617 1863 749 1942 quamvis
764 1864 962 1925 circumsoner
976 1865 1072 1940 armis,

352 1958 468 2032 Tristia,
485 1977 545 2035 quo
559 1977 689 2035 possum,
705 1957 836 2018 carmine
851 1959 911 2016 fata
924 1958 1000 2018 levo,

312 2052 403 2126 Quod
418 2051 551 2128 quamvis
565 2071 654 2112 nemo
669 2061 713 2111 est
728 2053 812 2127 cujus
826 2051 965 2110 referatur
978 2053 1018 2112 ad
1033 2072 1126 2128 aures,

352 2145 399 2205 Sic
413 2155 513 2204 tamen
527 2146 652 2205 absumo
667 2144 844 2221 decipioque
859 2144 946 2203 diem,

311 2239 398 2314 Ergo,
415 2239 496 2314 quod
511 2238 579 2298 vivo
593 2237 733 2314 durisque
748 2237 899 2297 laboribus
914 2238 1009 2312 obsto,

351 2333 417 2392 Nec
431 2352 479 2391 me
495 2331 638 2391 sollicitae
653 2329 752 2392 taedia
766 2329 840 2390 lucis
854 2331 974 2405 habent,

311 2425 421 2497 Gratia,
439 2427 536 2498 Musa,
553 2424 624 2484 tibi:
646 2444 715 2483 nam
729 2434 762 2482 tu
777 2423 882 2483 solatia
895 2426 1039 2501 praebes3

351 2520 399 2576 Tu
413 2536 500 2577 curae
514 2518 639 2594 requies,
656 2527 688 2577 tu
702 2516 851 2577 medicina
863 2516 964 2577 venis:

310 2612 358 2669 Tu
373 2610 433 2669 dux
448 2621 478 2670 et
492 2630 593 2670 comes
608 2630 659 2685 es;
680 2620 712 2669 tu
725 2629 781 2669 nos
795 2609 919 2669 abducis
934 2613 972 2670 ab
987 2613 1074 2686 Istro,

352 2697 389 2761 Iri
404 2704 562 2780 medioque
577 2703 650 2763 mihi
665 2704 718 2763 das
734 2702 883 2762 Helicone
898 2704 1005 2763 locum.

310 2798 358 2853 Tu
372 2795 453 2869 mihi,
470 2797 551 2873 quod
565 2816 669 2869 rarum,
685 2795 754 2855 vivo
769 2796 893 2856 sublime
906 2795 1017 2857 dedisti

351 2890 479 2961 Nomen,
495 2889 533 2948 ab
548 2888 694 2966 exsequiis
709 2890 791 2965 quod
804 2890 875 2949 dare
888 2890 967 2949 fama
979 2890 1074 2965 solet;

311 2983 385 3053 Nec,
402 2981 452 3057 qui
466 2982 610 3041 detrectat
623 2982 798 3058 praesentia,
814 2982 888 3041 livor
901 2982 1005 3062 iniquo

351 3075 454 3134 Ullrun
469 3075 507 3134 de
522 3074 628 3135 nostris
643 3076 732 3136 dente
747 3074 907 3135 momordit
920 3095 1003 3153 opus.

311 3168 390 3225 Nam
404 3165 523 3226 tulerint
536 3186 659 3245 magnos
674 3188 765 3244 quum
779 3169 878 3227 secula
891 3180 993 3229 nostra
1004 3171 1118 3247 politas,
1250 3200 1286 3237 ης

352 3261 422 3319 Non
437 3259 490 3319 fuit
504 3259 624 3337 ingenio
638 3261 716 3321 sarna
729 3260 858 3339 maligna
871 3280 959 3336 me03
1284 3279 1286 3282 ·

311 3350 469 3430 Quumque
484 3371 540 3429 ego
553 3372 735 3430 praeponam
749 3356 859 3415 multos
872 3354 952 3429 mihi,
968 3373 1031 3415 nou
1044 3354 1140 3415 minor
1153 3354 1211 3415 illis

351 3442 451 3517 Dicor,
468 3444 542 3504 etin
556 3456 621 3505 toto
635 3446 777 3523 plurimus
791 3448 863 3508 orbe
876 3449 965 3525 legor.

310 3535 341 3595 Si
356 3535 427 3611 quid
441 3537 552 3597 habent
566 3537 652 3615 igitur
665 3550 766 3599 vatum
779 3540 931 3617 praesagia
944 3539 1013 3613 veri,

351 3628 487 3689 Protinus
501 3616 533 3689 u't
547 3630 662 3705 moriar,
678 3651 740 3692 non
754 3652 814 3705 ero,
829 3644 913 3706 terra,
929 3643 1003 3692 tuus
1249 3664 1287 3699 1³0
1314 3699 1317 3706 ,

312 3719 380 3780 Sive
394 3708 492 3782 favore
507 3724 568 3797 tuli,
585 3723 647 3784 sive
664 3726 742 3785 hanc
757 3745 813 3803 ego
830 3724 958 3785 carmine
975 3725 1083 3786 sarnam

350 3817 429 3889 Jure‚
445 3815 499 3875 tibi
512 3826 617 3894 grates
633 3819 760 3879 candide
774 3820 875 3893 lector,
891 3836 956 3895 ago.
