<?xml version="1.0" encoding="UTF-8"?>
<!DOCTYPE html PUBLIC "-//W3C//DTD XHTML 1.0 Transitional//EN"
    "http://www.w3.org/TR/xhtml1/DTD/xhtml1-transitional.dtd">
<html xmlns="http://www.w3.org/1999/xhtml" xml:lang="en" lang="en">
 <head>
  <title>
</title>
<meta http-equiv="Content-Type" content="text/html;charset=utf-8" />
  <meta name='ocr-system' content='tesseract 3.04.00' />
  <meta name='ocr-capabilities' content='ocr_page ocr_carea ocr_par ocr_line ocrx_word'/>
</head>
<body>
  <div class='ocr_page' id='page_1' title='image "./selectionsfromo01virggoog_0241.png"; bbox 0 0 3017 4700; ppageno 0'>
   <div class='ocr_carea' id='block_1_1' title="bbox 433 421 1175 485">
    <p class='ocr_par' dir='ltr' id='par_1_1' title="bbox 433 421 1175 485">
     <span class='ocr_line' id='line_1_1' title="bbox 433 421 1175 485; baseline 0.003 -21"><span class='ocrx_word' id='word_1_1' title='bbox 433 435 437 442; x_wconf 95' lang='lat'>·</span> <span class='ocrx_word' id='word_1_2' title='bbox 532 421 696 465; x_wconf 73' lang='lat' dir='ltr'><strong>&#39;anunmos</strong></span> <span class='ocrx_word' id='word_1_3' title='bbox 717 421 776 464; x_wconf 75' lang='lat' dir='ltr'><strong>HE.</strong></span> <span class='ocrx_word' id='word_1_4' title='bbox 799 421 838 464; x_wconf 85' lang='lat' dir='ltr'><strong>Vl.</strong></span> <span class='ocrx_word' id='word_1_5' title='bbox 1120 428 1175 485; x_wconf 85' lang='lat'><strong>229</strong></span> 
     </span>
    </p>
   </div>
   <div class='ocr_carea' id='block_1_2' title="bbox 128 566 1178 3901">
    <p class='ocr_par' dir='ltr' id='par_1_2' title="bbox 196 566 1178 1488">
     <span class='ocr_line' id='line_1_2' title="bbox 202 566 1177 647; baseline -0.006 -15"><span class='ocrx_word' id='word_1_6' title='bbox 202 573 359 647; x_wconf 90' lang='lat' dir='ltr'><strong>Multaque</strong></span> <span class='ocrx_word' id='word_1_7' title='bbox 373 577 526 646; x_wconf 88' lang='lat' dir='ltr'><strong>praeterea</strong></span> <span class='ocrx_word' id='word_1_8' title='bbox 537 566 683 626; x_wconf 78' lang='lat' dir='ltr'><strong>vanarum</strong></span> <span class='ocrx_word' id='word_1_9' title='bbox 697 577 830 634; x_wconf 84' lang='lat' dir='ltr'><strong>monstra</strong></span> <span class='ocrx_word' id='word_1_10' title='bbox 843 568 970 628; x_wconf 88' lang='lat' dir='ltr'><strong>serarum</strong></span> <span class='ocrx_word' id='word_1_11' title='bbox 1140 587 1177 636; x_wconf 61' lang='lat' dir='ltr'><strong>aas</strong></span> 
     </span>
     <span class='ocr_line' id='line_1_3' title="bbox 196 660 1018 736; baseline -0.005 -10"><span class='ocrx_word' id='word_1_12' title='bbox 196 663 343 726; x_wconf 47' lang='lat' dir='ltr'><strong>‘Centauri</strong></span> <span class='ocrx_word' id='word_1_13' title='bbox 356 662 386 721; x_wconf 91' lang='lat' dir='ltr'><strong>in</strong></span> <span class='ocrx_word' id='word_1_14' title='bbox 402 660 514 721; x_wconf 85' lang='lat' dir='ltr'><strong>foribus</strong></span> <span class='ocrx_word' id='word_1_15' title='bbox 529 661 678 719; x_wconf 84' lang='lat' dir='ltr'><strong>stabulant</strong></span> <span class='ocrx_word' id='word_1_16' title='bbox 691 661 865 736; x_wconf 85' lang='lat' dir='ltr'>Scyllaeque</span> <span class='ocrx_word' id='word_1_17' title='bbox 879 660 1018 722; x_wconf 81' lang='lat' dir='ltr'><strong>biformes</strong></span> 
     </span>
     <span class='ocr_line' id='line_1_4' title="bbox 202 752 949 832; baseline -0.007 -14"><span class='ocrx_word' id='word_1_18' title='bbox 202 761 241 818; x_wconf 89' lang='lat' dir='ltr'><strong>Et</strong></span> <span class='ocrx_word' id='word_1_19' title='bbox 255 754 511 832; x_wconf 84' lang='lat' dir='ltr'><strong>centumgeminus</strong></span> <span class='ocrx_word' id='word_1_20' title='bbox 526 752 660 812; x_wconf 87' lang='lat' dir='ltr'><strong>Briareus</strong></span> <span class='ocrx_word' id='word_1_21' title='bbox 673 771 710 812; x_wconf 88' lang='lat' dir='ltr'><strong>ac</strong></span> <span class='ocrx_word' id='word_1_22' title='bbox 722 753 812 812; x_wconf 90' lang='lat' dir='ltr'><strong>belua</strong></span> <span class='ocrx_word' id='word_1_23' title='bbox 827 755 949 826; x_wconf 87' lang='lat' dir='ltr'><strong>Lernae,</strong></span> 
     </span>
     <span class='ocr_line' id='line_1_5' title="bbox 201 845 1053 922; baseline -0.006 -11"><span class='ocrx_word' id='word_1_24' title='bbox 201 851 396 910; x_wconf 90' lang='lat' dir='ltr'><strong>Horrendum</strong></span> <span class='ocrx_word' id='word_1_25' title='bbox 411 847 546 919; x_wconf 89' lang='lat' dir='ltr'><strong>stridens,</strong></span> <span class='ocrx_word' id='word_1_26' title='bbox 561 845 747 922; x_wconf 87' lang='lat' dir='ltr'><strong>flammisque</strong></span> <span class='ocrx_word' id='word_1_27' title='bbox 762 856 874 906; x_wconf 88' lang='lat' dir='ltr'><strong>armata</strong></span> <span class='ocrx_word' id='word_1_28' title='bbox 888 847 1053 921; x_wconf 87' lang='lat' dir='ltr'>Chimaera,</span> 
     </span>
     <span class='ocr_line' id='line_1_6' title="bbox 201 939 1063 1020; baseline -0.002 -17"><span class='ocrx_word' id='word_1_29' title='bbox 201 946 356 1020; x_wconf 88' lang='lat' dir='ltr'>Gorgones</span> <span class='ocrx_word' id='word_1_30' title='bbox 372 939 585 1018; x_wconf 83' lang='lat' dir='ltr'><strong>Harpyiaeque</strong></span> <span class='ocrx_word' id='word_1_31' title='bbox 599 949 630 999; x_wconf 92' lang='lat' dir='ltr'><strong>et</strong></span> <span class='ocrx_word' id='word_1_32' title='bbox 642 940 738 998; x_wconf 83' lang='lat' dir='ltr'><strong>sonna</strong></span> <span class='ocrx_word' id='word_1_33' title='bbox 751 939 920 1016; x_wconf 85' lang='lat' dir='ltr'><strong>tricorporis</strong></span> <span class='ocrx_word' id='word_1_34' title='bbox 934 942 1063 1001; x_wconf 88' lang='lat' dir='ltr'><strong>umbrae.</strong></span> 
     </span>
     <span class='ocr_line' id='line_1_7' title="bbox 202 1031 1178 1113; baseline -0.006 -15"><span class='ocrx_word' id='word_1_35' title='bbox 202 1036 330 1113; x_wconf 88' lang='lat' dir='ltr'><strong>Corripit</strong></span> <span class='ocrx_word' id='word_1_36' title='bbox 344 1035 393 1095; x_wconf 93' lang='lat' dir='ltr'><strong>hic</strong></span> <span class='ocrx_word' id='word_1_37' title='bbox 409 1033 506 1095; x_wconf 89' lang='lat' dir='ltr'><strong>subita</strong></span> <span class='ocrx_word' id='word_1_38' title='bbox 520 1031 652 1109; x_wconf 89' lang='lat' dir='ltr'><strong>trepidus</strong></span> <span class='ocrx_word' id='word_1_39' title='bbox 665 1031 823 1092; x_wconf 82' lang='lat' dir='ltr'><strong>formidine</strong></span> <span class='ocrx_word' id='word_1_40' title='bbox 838 1033 946 1092; x_wconf 87' lang='lat' dir='ltr'><strong>sermm</strong></span> <span class='ocrx_word' id='word_1_41' title='bbox 1141 1065 1178 1103; x_wconf 59' lang='grc' dir='ltr'><strong>ιφ</strong></span> 
     </span>
     <span class='ocr_line' id='line_1_8' title="bbox 201 1124 983 1204; baseline -0.005 -15"><span class='ocrx_word' id='word_1_42' title='bbox 201 1133 328 1202; x_wconf 87' lang='lat' dir='ltr'><strong>Aeneas,</strong></span> <span class='ocrx_word' id='word_1_43' title='bbox 345 1128 535 1204; x_wconf 89' lang='lat' dir='ltr'><strong>strictamque</strong></span> <span class='ocrx_word' id='word_1_44' title='bbox 550 1126 645 1186; x_wconf 84' lang='lat' dir='ltr'><strong>aciem</strong></span> <span class='ocrx_word' id='word_1_45' title='bbox 658 1124 845 1185; x_wconf 88' lang='lat' dir='ltr'><strong>venientibus</strong></span> <span class='ocrx_word' id='word_1_46' title='bbox 860 1127 954 1200; x_wconf 83' lang='lat' dir='ltr'><strong>offert,</strong></span> <span class='ocrx_word' id='word_1_47' title='bbox 981 1199 983 1204; x_wconf 17' lang='grc' dir='ltr'>ι</span> 
     </span>
     <span class='ocr_line' id='line_1_9' title="bbox 203 1218 943 1297; baseline -0.004 -15"><span class='ocrx_word' id='word_1_48' title='bbox 203 1226 250 1297; x_wconf 88' lang='lat' dir='ltr'><strong>Et,</strong></span> <span class='ocrx_word' id='word_1_49' title='bbox 266 1223 297 1281; x_wconf 90' lang='lat' dir='ltr'><strong>ni</strong></span> <span class='ocrx_word' id='word_1_50' title='bbox 312 1223 402 1282; x_wconf 91' lang='lat' dir='ltr'><strong>docta</strong></span> <span class='ocrx_word' id='word_1_51' title='bbox 415 1239 517 1280; x_wconf 90' lang='lat' dir='ltr'><strong>comes</strong></span> <span class='ocrx_word' id='word_1_52' title='bbox 531 1230 636 1280; x_wconf 90' lang='lat' dir='ltr'><strong>tenues</strong></span> <span class='ocrx_word' id='word_1_53' title='bbox 651 1218 715 1278; x_wconf 90' lang='lat' dir='ltr'><strong>sine</strong></span> <span class='ocrx_word' id='word_1_54' title='bbox 729 1237 853 1295; x_wconf 88' lang='lat' dir='ltr'><strong>corpore</strong></span> <span class='ocrx_word' id='word_1_55' title='bbox 867 1219 943 1279; x_wconf 84' lang='lat' dir='ltr'><strong>vitas</strong></span> 
     </span>
     <span class='ocr_line' id='line_1_10' title="bbox 204 1311 946 1388; baseline -0.004 -13"><span class='ocrx_word' id='word_1_56' title='bbox 204 1317 376 1375; x_wconf 86' lang='lat' dir='ltr'><strong>Admoneat</strong></span> <span class='ocrx_word' id='word_1_57' title='bbox 389 1313 512 1373; x_wconf 90' lang='lat' dir='ltr'><strong>volitare</strong></span> <span class='ocrx_word' id='word_1_58' title='bbox 526 1331 600 1373; x_wconf 87' lang='lat' dir='ltr'><strong>cava</strong></span> <span class='ocrx_word' id='word_1_59' title='bbox 614 1314 669 1372; x_wconf 90' lang='lat' dir='ltr'><strong>sub</strong></span> <span class='ocrx_word' id='word_1_60' title='bbox 683 1311 811 1388; x_wconf 85' lang='lat' dir='ltr'><strong>imagine</strong></span> <span class='ocrx_word' id='word_1_61' title='bbox 826 1313 946 1386; x_wconf 88' lang='lat' dir='ltr'><strong>sonnae,</strong></span> 
     </span>
     <span class='ocr_line' id='line_1_11' title="bbox 202 1405 915 1488; baseline -0.007 -19"><span class='ocrx_word' id='word_1_62' title='bbox 202 1412 307 1482; x_wconf 86' lang='lat' dir='ltr'><strong>Irruat,</strong></span> <span class='ocrx_word' id='word_1_63' title='bbox 324 1420 353 1468; x_wconf 91' lang='lat' dir='ltr'><strong>et</strong></span> <span class='ocrx_word' id='word_1_64' title='bbox 367 1410 472 1467; x_wconf 89' lang='lat' dir='ltr'><strong>frustra</strong></span> <span class='ocrx_word' id='word_1_65' title='bbox 484 1408 560 1466; x_wconf 89' lang='lat' dir='ltr'><strong>ferro</strong></span> <span class='ocrx_word' id='word_1_66' title='bbox 575 1405 741 1466; x_wconf 88' lang='lat' dir='ltr'><strong>diverberet</strong></span> <span class='ocrx_word' id='word_1_67' title='bbox 754 1407 881 1466; x_wconf 88' lang='lat' dir='ltr'><strong>umbras.</strong></span> <span class='ocrx_word' id='word_1_68' title='bbox 879 1443 915 1488; x_wconf 64' lang='lat' dir='ltr'><strong><em>s</em></strong></span> 
     </span>
    </p>

    <p class='ocr_par' dir='ltr' id='par_1_3' title="bbox 128 1497 1178 3901">
     <span class='ocr_line' id='line_1_12' title="bbox 243 1497 1178 1575; baseline -0.003 -14"><span class='ocrx_word' id='word_1_69' title='bbox 243 1503 328 1562; x_wconf 92' lang='lat' dir='ltr'><strong>Hinc</strong></span> <span class='ocrx_word' id='word_1_70' title='bbox 341 1501 397 1574; x_wconf 85' lang='lat' dir='ltr'><strong>via,</strong></span> <span class='ocrx_word' id='word_1_71' title='bbox 412 1499 545 1560; x_wconf 85' lang='lat' dir='ltr'><strong>Tartarei</strong></span> <span class='ocrx_word' id='word_1_72' title='bbox 559 1517 636 1575; x_wconf 90' lang='lat' dir='ltr'><strong>quae</strong></span> <span class='ocrx_word' id='word_1_73' title='bbox 650 1500 706 1558; x_wconf 82' lang='lat' dir='ltr'><strong>seit</strong></span> <span class='ocrx_word' id='word_1_74' title='bbox 719 1497 898 1558; x_wconf 88' lang='lat' dir='ltr'><strong>Acherontis</strong></span> <span class='ocrx_word' id='word_1_75' title='bbox 912 1499 950 1558; x_wconf 88' lang='lat' dir='ltr'><strong>ad</strong></span> <span class='ocrx_word' id='word_1_76' title='bbox 964 1498 1066 1559; x_wconf 89' lang='lat' dir='ltr'><strong>undas.</strong></span> <span class='ocrx_word' id='word_1_77' title='bbox 1167 1527 1178 1566; x_wconf 81' lang='lat'>5</span> 
     </span>
     <span class='ocr_line' id='line_1_13' title="bbox 202 1591 953 1670; baseline -0.007 -15"><span class='ocrx_word' id='word_1_78' title='bbox 202 1595 352 1655; x_wconf 90' lang='lat' dir='ltr'><strong>Turbidus</strong></span> <span class='ocrx_word' id='word_1_79' title='bbox 366 1593 415 1653; x_wconf 91' lang='lat' dir='ltr'><strong>hic</strong></span> <span class='ocrx_word' id='word_1_80' title='bbox 429 1611 523 1654; x_wconf 90' lang='lat' dir='ltr'><strong>caeno</strong></span> <span class='ocrx_word' id='word_1_81' title='bbox 537 1602 679 1668; x_wconf 87' lang='lat' dir='ltr'><strong>vastaque</strong></span> <span class='ocrx_word' id='word_1_82' title='bbox 692 1591 833 1669; x_wconf 85' lang='lat' dir='ltr'><strong>voragine</strong></span> <span class='ocrx_word' id='word_1_83' title='bbox 847 1609 953 1670; x_wconf 85' lang='lat' dir='ltr'><strong>gurges</strong></span> 
     </span>
     <span class='ocr_line' id='line_1_14' title="bbox 203 1687 968 1764; baseline -0.007 -16"><span class='ocrx_word' id='word_1_84' title='bbox 203 1692 329 1748; x_wconf 88' lang='lat' dir='ltr'><strong>Aestuat</strong></span> <span class='ocrx_word' id='word_1_85' title='bbox 343 1697 433 1764; x_wconf 90' lang='lat' dir='ltr'><strong>atque</strong></span> <span class='ocrx_word' id='word_1_86' title='bbox 447 1704 567 1746; x_wconf 91' lang='lat' dir='ltr'><strong>omnem</strong></span> <span class='ocrx_word' id='word_1_87' title='bbox 583 1687 700 1762; x_wconf 88' lang='lat' dir='ltr'><strong>Cocyto</strong></span> <span class='ocrx_word' id='word_1_88' title='bbox 714 1695 826 1745; x_wconf 88' lang='lat' dir='ltr'><strong>eructat</strong></span> <span class='ocrx_word' id='word_1_89' title='bbox 841 1703 968 1744; x_wconf 86' lang='lat' dir='ltr'><strong>arenam.</strong></span> 
     </span>
     <span class='ocr_line' id='line_1_15' title="bbox 204 1778 974 1855; baseline -0.004 -15"><span class='ocrx_word' id='word_1_90' title='bbox 204 1782 332 1842; x_wconf 91' lang='lat' dir='ltr'><strong>Portitor</strong></span> <span class='ocrx_word' id='word_1_91' title='bbox 344 1782 400 1839; x_wconf 88' lang='lat' dir='ltr'><strong>has</strong></span> <span class='ocrx_word' id='word_1_92' title='bbox 412 1779 576 1839; x_wconf 91' lang='lat' dir='ltr'><strong>horrendus</strong></span> <span class='ocrx_word' id='word_1_93' title='bbox 590 1797 683 1855; x_wconf 88' lang='lat' dir='ltr'><strong>aquas</strong></span> <span class='ocrx_word' id='word_1_94' title='bbox 697 1788 728 1838; x_wconf 91' lang='lat' dir='ltr'><strong>et</strong></span> <span class='ocrx_word' id='word_1_95' title='bbox 740 1778 863 1837; x_wconf 87' lang='lat' dir='ltr'><strong>flumina</strong></span> <span class='ocrx_word' id='word_1_96' title='bbox 878 1787 974 1837; x_wconf 89' lang='lat' dir='ltr'><strong>servat</strong></span> 
     </span>
     <span class='ocr_line' id='line_1_16' title="bbox 203 1869 956 1952; baseline -0.005 -19"><span class='ocrx_word' id='word_1_97' title='bbox 203 1874 340 1952; x_wconf 84' lang='lat' dir='ltr'><strong>Terribili</strong></span> <span class='ocrx_word' id='word_1_98' title='bbox 356 1873 491 1950; x_wconf 89' lang='lat' dir='ltr'><strong>squalore</strong></span> <span class='ocrx_word' id='word_1_99' title='bbox 506 1871 636 1944; x_wconf 86' lang='lat' dir='ltr'><strong>Charon,</strong></span> <span class='ocrx_word' id='word_1_100' title='bbox 651 1870 700 1930; x_wconf 95' lang='lat' dir='ltr'><strong>cui</strong></span> <span class='ocrx_word' id='word_1_101' title='bbox 714 1869 840 1946; x_wconf 88' lang='lat' dir='ltr'><strong>plurima</strong></span> <span class='ocrx_word' id='word_1_102' title='bbox 854 1879 956 1929; x_wconf 87' lang='lat' dir='ltr'><strong>mento</strong></span> 
     </span>
     <span class='ocr_line' id='line_1_17' title="bbox 204 1961 925 2040; baseline -0.012 -11"><span class='ocrx_word' id='word_1_103' title='bbox 204 1967 336 2029; x_wconf 89' lang='lat' dir='ltr'><strong>Canities</strong></span> <span class='ocrx_word' id='word_1_104' title='bbox 350 1965 463 2026; x_wconf 89' lang='lat' dir='ltr'><strong>inculta</strong></span> <span class='ocrx_word' id='word_1_105' title='bbox 474 1966 562 2040; x_wconf 87' lang='lat' dir='ltr'><strong>jacet,</strong></span> <span class='ocrx_word' id='word_1_106' title='bbox 578 1974 657 2023; x_wconf 92' lang='lat' dir='ltr'><strong>stant</strong></span> <span class='ocrx_word' id='word_1_107' title='bbox 671 1961 784 2022; x_wconf 89' lang='lat' dir='ltr'><strong>lumina</strong></span> <span class='ocrx_word' id='word_1_108' title='bbox 796 1963 925 2036; x_wconf 83' lang='lat' dir='ltr'><strong>flamma,</strong></span> 
     </span>
     <span class='ocr_line' id='line_1_18' title="bbox 128 2053 949 2131; baseline -0.01 -11"><span class='ocrx_word' id='word_1_109' title='bbox 128 2059 144 2088; x_wconf 80' lang='grc'><strong>·’</strong></span> <span class='ocrx_word' id='word_1_110' title='bbox 203 2059 346 2120; x_wconf 90' lang='lat' dir='ltr'><strong>Sordidus</strong></span> <span class='ocrx_word' id='word_1_111' title='bbox 361 2077 398 2117; x_wconf 88' lang='lat' dir='ltr'><strong>ex</strong></span> <span class='ocrx_word' id='word_1_112' title='bbox 412 2056 541 2116; x_wconf 89' lang='lat' dir='ltr'><strong>humeris</strong></span> <span class='ocrx_word' id='word_1_113' title='bbox 555 2057 638 2115; x_wconf 92' lang='lat' dir='ltr'><strong>nodo</strong></span> <span class='ocrx_word' id='word_1_114' title='bbox 652 2055 803 2131; x_wconf 90' lang='lat' dir='ltr'><strong>dependet</strong></span> <span class='ocrx_word' id='word_1_115' title='bbox 817 2053 949 2113; x_wconf 89' lang='lat' dir='ltr'><strong>amictus.</strong></span> 
     </span>
     <span class='ocr_line' id='line_1_19' title="bbox 204 2147 937 2230; baseline -0.008 -18"><span class='ocrx_word' id='word_1_116' title='bbox 204 2156 275 2230; x_wconf 93' lang='lat' dir='ltr'><strong>Ipse</strong></span> <span class='ocrx_word' id='word_1_117' title='bbox 290 2163 384 2211; x_wconf 90' lang='lat' dir='ltr'><strong>ratem</strong></span> <span class='ocrx_word' id='word_1_118' title='bbox 399 2161 490 2210; x_wconf 92' lang='lat' dir='ltr'><strong>conto</strong></span> <span class='ocrx_word' id='word_1_119' title='bbox 505 2148 621 2225; x_wconf 89' lang='lat' dir='ltr'><strong>subigit,</strong></span> <span class='ocrx_word' id='word_1_120' title='bbox 636 2148 769 2224; x_wconf 89' lang='lat' dir='ltr'><strong>velisque</strong></span> <span class='ocrx_word' id='word_1_121' title='bbox 784 2147 937 2220; x_wconf 86' lang='lat' dir='ltr'><strong>ministrat,</strong></span> 
     </span>
     <span class='ocr_line' id='line_1_20' title="bbox 204 2241 855 2396; baseline -0.009 -91"><span class='ocrx_word' id='word_1_122' title='bbox 204 2248 243 2305; x_wconf 88' lang='lat' dir='ltr'><strong>Et</strong></span> <span class='ocrx_word' id='word_1_123' title='bbox 257 2244 421 2321; x_wconf 85' lang='lat' dir='ltr'><strong>ferruginea</strong></span> <span class='ocrx_word' id='word_1_124' title='bbox 435 2244 727 2396; x_wconf 49' lang='lat' dir='ltr'><strong>sumcorpora</strong></span> <span class='ocrx_word' id='word_1_125' title='bbox 741 2241 855 2318; x_wconf 83' lang='lat' dir='ltr'><strong>cymba,</strong></span> 
     </span>
     <span class='ocr_line' id='line_1_21' title="bbox 203 2322 971 2417; baseline -0.008 -18"><span class='ocrx_word' id='word_1_126' title='bbox 203 2341 271 2417; x_wconf 92' lang='lat' dir='ltr'><strong>Jam</strong></span> <span class='ocrx_word' id='word_1_127' title='bbox 286 2338 392 2412; x_wconf 88' lang='lat' dir='ltr'><strong>senior,</strong></span> <span class='ocrx_word' id='word_1_128' title='bbox 408 2337 461 2397; x_wconf 88' lang='lat' dir='ltr'><strong>sed</strong></span> <span class='ocrx_word' id='word_1_129' title='bbox 493 2322 514 2337; x_wconf 54' lang='lat'><strong>&#39;⁸</strong></span> <span class='ocrx_word' id='word_1_130' title='bbox 602 2354 639 2395; x_wconf 89' lang='lat' dir='ltr'><strong>eo</strong></span> <span class='ocrx_word' id='word_1_131' title='bbox 652 2333 812 2411; x_wconf 84' lang='lat' dir='ltr'><strong>viridisque</strong></span> <span class='ocrx_word' id='word_1_132' title='bbox 827 2342 971 2394; x_wconf 89' lang='lat' dir='ltr'><strong>senectus.</strong></span> 
     </span>
     <span class='ocr_line' id='line_1_22' title="bbox 204 2428 865 2505; baseline -0.009 -13"><span class='ocrx_word' id='word_1_133' title='bbox 204 2434 276 2492; x_wconf 92' lang='lat' dir='ltr'><strong>Huc</strong></span> <span class='ocrx_word' id='word_1_134' title='bbox 291 2430 387 2491; x_wconf 87' lang='lat' dir='ltr'><strong>omnis</strong></span> <span class='ocrx_word' id='word_1_135' title='bbox 400 2431 488 2489; x_wconf 90' lang='lat' dir='ltr'><strong>turba</strong></span> <span class='ocrx_word' id='word_1_136' title='bbox 501 2429 541 2488; x_wconf 91' lang='lat' dir='ltr'><strong>ad</strong></span> <span class='ocrx_word' id='word_1_137' title='bbox 553 2428 632 2505; x_wconf 87' lang='lat' dir='ltr'><strong>ripas</strong></span> <span class='ocrx_word' id='word_1_138' title='bbox 646 2428 739 2487; x_wconf 85' lang='lat' dir='ltr'><strong>effusa</strong></span> <span class='ocrx_word' id='word_1_139' title='bbox 752 2429 865 2501; x_wconf 90' lang='lat' dir='ltr'><strong>ruebat,</strong></span> 
     </span>
     <span class='ocr_line' id='line_1_23' title="bbox 204 2519 1018 2600; baseline -0.002 -15"><span class='ocrx_word' id='word_1_140' title='bbox 204 2528 317 2585; x_wconf 89' lang='lat' dir='ltr'><strong>Matres</strong></span> <span class='ocrx_word' id='word_1_141' title='bbox 331 2535 421 2600; x_wconf 90' lang='lat' dir='ltr'><strong>atque</strong></span> <span class='ocrx_word' id='word_1_142' title='bbox 435 2522 497 2596; x_wconf 87' lang='lat' dir='ltr'><strong>viri,</strong></span> <span class='ocrx_word' id='word_1_143' title='bbox 514 2523 713 2597; x_wconf 84' lang='lat' dir='ltr'><strong>defunctaque</strong></span> <span class='ocrx_word' id='word_1_144' title='bbox 727 2538 852 2597; x_wconf 88' lang='lat' dir='ltr'><strong>corpora</strong></span> <span class='ocrx_word' id='word_1_145' title='bbox 864 2519 925 2579; x_wconf 89' lang='lat' dir='ltr'><strong>vita</strong></span> <span class='ocrx_word' id='word_1_146' title='bbox 1015 2570 1018 2583; x_wconf 89' lang='lat'>.</span> 
     </span>
     <span class='ocr_line' id='line_1_24' title="bbox 204 2613 1029 2695; baseline -0.006 -17"><span class='ocrx_word' id='word_1_147' title='bbox 204 2616 430 2695; x_wconf 87' lang='lat' dir='ltr'><strong>Magnanimum</strong></span> <span class='ocrx_word' id='word_1_148' title='bbox 443 2616 576 2689; x_wconf 89' lang='lat' dir='ltr'><strong>heroum,</strong></span> <span class='ocrx_word' id='word_1_149' title='bbox 591 2614 674 2691; x_wconf 90' lang='lat' dir='ltr'><strong>pueri</strong></span> <span class='ocrx_word' id='word_1_150' title='bbox 688 2614 890 2690; x_wconf 87' lang='lat' dir='ltr'><strong>innuptaeque</strong></span> <span class='ocrx_word' id='word_1_151' title='bbox 904 2613 1029 2689; x_wconf 89' lang='lat' dir='ltr'><strong>puellae,</strong></span> 
     </span>
     <span class='ocr_line' id='line_1_25' title="bbox 204 2708 967 2792; baseline -0.004 -22"><span class='ocrx_word' id='word_1_152' title='bbox 204 2711 401 2788; x_wconf 90' lang='lat' dir='ltr'><strong>Impositique</strong></span> <span class='ocrx_word' id='word_1_153' title='bbox 415 2708 493 2792; x_wconf 85' lang='lat' dir='ltr'><strong>rogis</strong></span> <span class='ocrx_word' id='word_1_154' title='bbox 506 2710 630 2785; x_wconf 88' lang='lat' dir='ltr'><strong>juvenes</strong></span> <span class='ocrx_word' id='word_1_155' title='bbox 644 2718 713 2767; x_wconf 87' lang='lat' dir='ltr'><strong>ante</strong></span> <span class='ocrx_word' id='word_1_156' title='bbox 727 2726 780 2766; x_wconf 90' lang='lat' dir='ltr'><strong>ora</strong></span> <span class='ocrx_word' id='word_1_157' title='bbox 793 2717 967 2784; x_wconf 87' lang='lat' dir='ltr'><strong>parentum:</strong></span> 
     </span>
     <span class='ocr_line' id='line_1_26' title="bbox 204 2799 926 2879; baseline -0.007 -17"><span class='ocrx_word' id='word_1_158' title='bbox 204 2806 303 2879; x_wconf 89' lang='lat' dir='ltr'><strong>Quam</strong></span> <span class='ocrx_word' id='word_1_159' title='bbox 317 2804 411 2862; x_wconf 89' lang='lat' dir='ltr'><strong>multa</strong></span> <span class='ocrx_word' id='word_1_160' title='bbox 423 2803 453 2861; x_wconf 92' lang='lat' dir='ltr'><strong>in</strong></span> <span class='ocrx_word' id='word_1_161' title='bbox 468 2801 549 2861; x_wconf 92' lang='lat' dir='ltr'><strong>silvis</strong></span> <span class='ocrx_word' id='word_1_162' title='bbox 564 2800 697 2861; x_wconf 91' lang='lat' dir='ltr'><strong>autumni</strong></span> <span class='ocrx_word' id='word_1_163' title='bbox 710 2800 816 2877; x_wconf 83' lang='lat' dir='ltr'><strong>frigore</strong></span> <span class='ocrx_word' id='word_1_164' title='bbox 830 2799 926 2877; x_wconf 84' lang='lat' dir='ltr'><strong>primo</strong></span> 
     </span>
     <span class='ocr_line' id='line_1_27' title="bbox 205 2892 1012 2974; baseline -0.005 -19"><span class='ocrx_word' id='word_1_165' title='bbox 205 2899 305 2974; x_wconf 91' lang='lat' dir='ltr'><strong>Lapsa</strong></span> <span class='ocrx_word' id='word_1_166' title='bbox 318 2897 428 2955; x_wconf 90' lang='lat' dir='ltr'><strong>cadunt</strong></span> <span class='ocrx_word' id='word_1_167' title='bbox 441 2895 520 2968; x_wconf 88' lang='lat' dir='ltr'><strong>folia,</strong></span> <span class='ocrx_word' id='word_1_168' title='bbox 533 2904 584 2953; x_wconf 90' lang='lat' dir='ltr'><strong>aut</strong></span> <span class='ocrx_word' id='word_1_169' title='bbox 597 2894 637 2953; x_wconf 91' lang='lat' dir='ltr'><strong>ad</strong></span> <span class='ocrx_word' id='word_1_170' title='bbox 650 2903 757 2952; x_wconf 86' lang='lat' dir='ltr'><strong>terram</strong></span> <span class='ocrx_word' id='word_1_171' title='bbox 771 2894 883 2969; x_wconf 88' lang='lat' dir='ltr'><strong>gurgite</strong></span> <span class='ocrx_word' id='word_1_172' title='bbox 898 2892 937 2951; x_wconf 94' lang='lat' dir='ltr'><strong>ab</strong></span> <span class='ocrx_word' id='word_1_173' title='bbox 951 2893 1012 2952; x_wconf 92' lang='lat' dir='ltr'><strong>alto</strong></span> 
     </span>
     <span class='ocr_line' id='line_1_28' title="bbox 204 2985 1045 3065; baseline -0.004 -17"><span class='ocrx_word' id='word_1_174' title='bbox 204 2991 305 3064; x_wconf 88' lang='lat' dir='ltr'><strong>Quam</strong></span> <span class='ocrx_word' id='word_1_175' title='bbox 320 2991 429 3048; x_wconf 87' lang='lat' dir='ltr'><strong>multae</strong></span> <span class='ocrx_word' id='word_1_176' title='bbox 443 2988 642 3065; x_wconf 87' lang='lat' dir='ltr'><strong>glomerantur</strong></span> <span class='ocrx_word' id='word_1_177' title='bbox 656 3006 734 3059; x_wconf 89' lang='lat' dir='ltr'><strong>aves,</strong></span> <span class='ocrx_word' id='word_1_178' title='bbox 749 2986 801 3046; x_wconf 88' lang='lat' dir='ltr'><strong>ubi</strong></span> <span class='ocrx_word' id='word_1_179' title='bbox 815 2985 936 3063; x_wconf 85' lang='lat' dir='ltr'><strong>frigidus</strong></span> <span class='ocrx_word' id='word_1_180' title='bbox 950 3004 1045 3045; x_wconf 89' lang='lat' dir='ltr'><strong>annus</strong></span> 
     </span>
     <span class='ocr_line' id='line_1_29' title="bbox 203 3078 946 3159; baseline -0.004 -18"><span class='ocrx_word' id='word_1_181' title='bbox 203 3085 298 3141; x_wconf 91' lang='lat' dir='ltr'><strong>Trans</strong></span> <span class='ocrx_word' id='word_1_182' title='bbox 312 3092 438 3159; x_wconf 89' lang='lat' dir='ltr'><strong>pontum</strong></span> <span class='ocrx_word' id='word_1_183' title='bbox 451 3082 533 3158; x_wconf 87' lang='lat' dir='ltr'><strong>sugat</strong></span> <span class='ocrx_word' id='word_1_184' title='bbox 547 3090 577 3140; x_wconf 88' lang='lat' dir='ltr'><strong>et</strong></span> <span class='ocrx_word' id='word_1_185' title='bbox 589 3078 673 3140; x_wconf 85' lang='lat' dir='ltr'><strong>terris</strong></span> <span class='ocrx_word' id='word_1_186' title='bbox 686 3078 819 3139; x_wconf 92' lang='lat' dir='ltr'><strong>immittit</strong></span> <span class='ocrx_word' id='word_1_187' title='bbox 833 3078 946 3155; x_wconf 83' lang='lat' dir='ltr'><strong>apricis</strong></span> 
     </span>
     <span class='ocr_line' id='line_1_30' title="bbox 205 3171 960 3251; baseline -0.007 -16"><span class='ocrx_word' id='word_1_188' title='bbox 205 3177 328 3235; x_wconf 89' lang='lat' dir='ltr'><strong>Stabant</strong></span> <span class='ocrx_word' id='word_1_189' title='bbox 343 3186 460 3234; x_wconf 91' lang='lat' dir='ltr'><strong>orantes</strong></span> <span class='ocrx_word' id='word_1_190' title='bbox 473 3173 561 3251; x_wconf 89' lang='lat' dir='ltr'><strong>primi</strong></span> <span class='ocrx_word' id='word_1_191' title='bbox 576 3171 773 3232; x_wconf 88' lang='lat' dir='ltr'><strong>transmittere</strong></span> <span class='ocrx_word' id='word_1_192' title='bbox 788 3190 912 3245; x_wconf 88' lang='lat' dir='ltr'><strong>cursum,</strong></span> <span class='ocrx_word' id='word_1_193' title='bbox 953 3199 960 3220; x_wconf 61' lang='lat' dir='ltr'>x</span> 
     </span>
     <span class='ocr_line' id='line_1_31' title="bbox 202 3262 936 3343; baseline -0.005 -16"><span class='ocrx_word' id='word_1_194' title='bbox 202 3269 440 3343; x_wconf 88' lang='lat' dir='ltr'><strong>Tendebantque</strong></span> <span class='ocrx_word' id='word_1_195' title='bbox 454 3286 559 3327; x_wconf 92' lang='lat' dir='ltr'><strong>manus</strong></span> <span class='ocrx_word' id='word_1_196' title='bbox 573 3266 654 3343; x_wconf 89' lang='lat' dir='ltr'><strong>ripae</strong></span> <span class='ocrx_word' id='word_1_197' title='bbox 668 3262 814 3325; x_wconf 84' lang='lat' dir='ltr'><strong>ulterioris</strong></span> <span class='ocrx_word' id='word_1_198' title='bbox 829 3282 936 3323; x_wconf 90' lang='lat' dir='ltr'><strong>amore.</strong></span> 
     </span>
     <span class='ocr_line' id='line_1_32' title="bbox 203 3357 954 3435; baseline -0.007 -15"><span class='ocrx_word' id='word_1_199' title='bbox 203 3360 313 3420; x_wconf 88' lang='lat' dir='ltr'><strong>Navita</strong></span> <span class='ocrx_word' id='word_1_200' title='bbox 327 3360 381 3421; x_wconf 91' lang='lat' dir='ltr'><strong>sed</strong></span> <span class='ocrx_word' id='word_1_201' title='bbox 396 3360 484 3420; x_wconf 89' lang='lat' dir='ltr'><strong>tristis</strong></span> <span class='ocrx_word' id='word_1_202' title='bbox 498 3378 578 3419; x_wconf 88' lang='lat' dir='ltr'><strong>nunc</strong></span> <span class='ocrx_word' id='word_1_203' title='bbox 592 3360 649 3418; x_wconf 93' lang='lat' dir='ltr'><strong>hos</strong></span> <span class='ocrx_word' id='word_1_204' title='bbox 663 3377 743 3418; x_wconf 89' lang='lat' dir='ltr'><strong>nunc</strong></span> <span class='ocrx_word' id='word_1_205' title='bbox 759 3357 866 3435; x_wconf 84' lang='lat' dir='ltr'><strong>accipit</strong></span> <span class='ocrx_word' id='word_1_206' title='bbox 879 3357 954 3431; x_wconf 91' lang='lat' dir='ltr'><strong>illos,</strong></span> 
     </span>
     <span class='ocr_line' id='line_1_33' title="bbox 203 3452 880 3530; baseline -0.007 -18"><span class='ocrx_word' id='word_1_207' title='bbox 203 3457 260 3512; x_wconf 91' lang='lat' dir='ltr'><strong>Ast</strong></span> <span class='ocrx_word' id='word_1_208' title='bbox 274 3452 348 3512; x_wconf 88' lang='lat' dir='ltr'><strong>alios</strong></span> <span class='ocrx_word' id='word_1_209' title='bbox 362 3453 451 3530; x_wconf 89' lang='lat' dir='ltr'><strong>longe</strong></span> <span class='ocrx_word' id='word_1_210' title='bbox 466 3454 620 3512; x_wconf 89' lang='lat' dir='ltr'><strong>submotos</strong></span> <span class='ocrx_word' id='word_1_211' title='bbox 635 3461 715 3524; x_wconf 82' lang='lat' dir='ltr'><strong>arcet</strong></span> <span class='ocrx_word' id='word_1_212' title='bbox 728 3468 826 3511; x_wconf 89' lang='lat' dir='ltr'><strong>arena.</strong></span> <span class='ocrx_word' id='word_1_213' title='bbox 851 3463 880 3507; x_wconf 80' lang='lat' dir='ltr'><strong>u·</strong></span> 
     </span>
     <span class='ocr_line' id='line_1_34' title="bbox 201 3543 864 3619; baseline -0.002 -16"><span class='ocrx_word' id='word_1_214' title='bbox 201 3547 321 3605; x_wconf 89' lang='lat' dir='ltr'><strong>Aeneas</strong></span> <span class='ocrx_word' id='word_1_215' title='bbox 335 3544 456 3606; x_wconf 90' lang='lat' dir='ltr'><strong>miratus</strong></span> <span class='ocrx_word' id='word_1_216' title='bbox 471 3545 550 3605; x_wconf 89' lang='lat' dir='ltr'><strong>enim</strong></span> <span class='ocrx_word' id='word_1_217' title='bbox 564 3555 722 3619; x_wconf 87' lang='lat' dir='ltr'><strong>motusque</strong></span> <span class='ocrx_word' id='word_1_218' title='bbox 737 3543 864 3603; x_wconf 88' lang='lat' dir='ltr'><strong>tumultu</strong></span> 
     </span>
     <span class='ocr_line' id='line_1_35' title="bbox 203 3636 1021 3715; baseline 0 -18"><span class='ocrx_word' id='word_1_219' title='bbox 203 3638 270 3712; x_wconf 91' lang='lat' dir='ltr'><strong>Dic,</strong></span> <span class='ocrx_word' id='word_1_220' title='bbox 286 3638 334 3713; x_wconf 90' lang='lat' dir='ltr'><strong>ait,</strong></span> <span class='ocrx_word' id='word_1_221' title='bbox 351 3657 370 3698; x_wconf 96' lang='lat' dir='ltr'><strong>o</strong></span> <span class='ocrx_word' id='word_1_222' title='bbox 384 3638 473 3715; x_wconf 85' lang='lat' dir='ltr'><strong>virgo,</strong></span> <span class='ocrx_word' id='word_1_223' title='bbox 490 3637 562 3715; x_wconf 92' lang='lat' dir='ltr'><strong>quid</strong></span> <span class='ocrx_word' id='word_1_224' title='bbox 575 3639 639 3697; x_wconf 81' lang='lat' dir='ltr'><strong>vult</strong></span> <span class='ocrx_word' id='word_1_225' title='bbox 653 3654 813 3697; x_wconf 89' lang='lat' dir='ltr'><strong>concursus</strong></span> <span class='ocrx_word' id='word_1_226' title='bbox 827 3636 866 3695; x_wconf 94' lang='lat' dir='ltr'><strong>ad</strong></span> <span class='ocrx_word' id='word_1_227' title='bbox 880 3638 1021 3697; x_wconf 83' lang='lat' dir='ltr'><strong>amnem?</strong></span> 
     </span>
     <span class='ocr_line' id='line_1_36' title="bbox 203 3728 1008 3809; baseline -0.004 -18"><span class='ocrx_word' id='word_1_228' title='bbox 203 3731 322 3807; x_wconf 87' lang='lat' dir='ltr'><strong>Quidve</strong></span> <span class='ocrx_word' id='word_1_229' title='bbox 336 3742 442 3809; x_wconf 88' lang='lat' dir='ltr'><strong>petunt</strong></span> <span class='ocrx_word' id='word_1_230' title='bbox 455 3730 593 3791; x_wconf 77' lang='lat' dir='ltr'><strong>animae?</strong></span> <span class='ocrx_word' id='word_1_231' title='bbox 612 3731 659 3790; x_wconf 90' lang='lat' dir='ltr'><strong>vel</strong></span> <span class='ocrx_word' id='word_1_232' title='bbox 674 3747 734 3806; x_wconf 92' lang='lat' dir='ltr'><strong>quo</strong></span> <span class='ocrx_word' id='word_1_233' title='bbox 747 3728 917 3788; x_wconf 89' lang='lat' dir='ltr'><strong>discrimine</strong></span> <span class='ocrx_word' id='word_1_234' title='bbox 931 3728 1008 3804; x_wconf 87' lang='lat' dir='ltr'><strong>ripas</strong></span> 
     </span>
     <span class='ocr_line' id='line_1_37' title="bbox 204 3821 966 3901; baseline -0.003 -18"><span class='ocrx_word' id='word_1_235' title='bbox 204 3827 273 3885; x_wconf 90' lang='lat' dir='ltr'><strong>Hae</strong></span> <span class='ocrx_word' id='word_1_236' title='bbox 287 3824 432 3901; x_wconf 87' lang='lat' dir='ltr'><strong>linquunt,</strong></span> <span class='ocrx_word' id='word_1_237' title='bbox 447 3824 515 3884; x_wconf 88' lang='lat' dir='ltr'><strong>illae</strong></span> <span class='ocrx_word' id='word_1_238' title='bbox 530 3822 619 3884; x_wconf 87' lang='lat' dir='ltr'><strong>remis</strong></span> <span class='ocrx_word' id='word_1_239' title='bbox 631 3823 710 3883; x_wconf 86' lang='lat' dir='ltr'><strong>vada</strong></span> <span class='ocrx_word' id='word_1_240' title='bbox 723 3821 814 3881; x_wconf 86' lang='lat' dir='ltr'><strong>livida</strong></span> <span class='ocrx_word' id='word_1_241' title='bbox 827 3824 966 3881; x_wconf 84' lang='lat' dir='ltr'><strong>verrunt?</strong></span> 
     </span>
    </p>
   </div>
   <div class='ocr_carea' id='block_1_3' title="bbox 0 0 1518 4700">
    <p class='ocr_par' dir='ltr' id='par_1_4' title="bbox 0 0 1518 4700">
     <span class='ocr_line' id='line_1_38' title="bbox 0 0 1518 4700; baseline 0 0"><span class='ocrx_word' id='word_1_242' title='bbox 0 0 1518 4700; x_wconf 95' lang='lat' dir='ltr'><strong> </strong></span> 
     </span>
    </p>
   </div>
  </div>
 </body>
</html>
