3017 4700
295 355 350 425 148
607 369 633 411 Ρ.
652 369 785 412 vmurnrr
808 368 950 412 unsours

292 513 444 586 Miscetur,
459 511 636 590 penitusque
649 533 741 575 cavae
753 515 944 591 plangoribus
959 514 1048 576 aedes

292 606 440 666 Femineis
455 607 587 680 ululant,
607 606 672 667 ferit
686 627 775 668 aurea
789 606 885 668 sidera
899 609 1019 668 clamor

291 701 370 758 Turn
384 699 509 776 pavidae
524 699 609 760 tectis
624 711 731 761 matres
745 700 913 777 ingentibus
928 711 1032 774 errant,

291 793 516 882 Amplexaeque
531 804 634 853 tenent
646 804 748 870 postes
762 804 852 871 atque
867 795 970 854 oscula
983 795 1084 871 figunt.
1228 823 1265 862 ,490

291 887 388 946 Instat
402 886 431 944 vi
445 885 539 963 patria
553 887 700 964 Pyrrhus;
721 905 777 949 nec
792 888 925 961 claustra,
941 907 1039 963 neque
1053 887 1110 966 ipsi

291 979 439 1040 Custodes
455 981 574 1040 sufferre
589 981 707 1054 valent3
728 980 808 1040 labat
822 979 912 1040 ariete
927 982 1032 1040 crebro

289 1075 394 1149 Janua,
411 1084 441 1132 et
454 1073 546 1135 emoti
559 1075 758 1149 procumbunt
771 1072 892 1133 cardine
906 1085 1013 1150 postes

292 1166 339 1225 Fit
352 1166 401 1226 via
413 1165 441 1224 vi
453 1187 462 1238 ;
482 1175 622 1242 rumpunt
636 1165 740 1240 aditus,
757 1166 926 1242 primosque
941 1166 1089 1226 trucidarit

291 1258 421 1318 Immissi
436 1258 542 1331 Danai,
558 1270 588 1318 et
602 1259 660 1330 late
675 1261 742 1318 loca
755 1259 847 1318 milite
862 1261 1020 1336 complent
1228 1263 1276 1328 495¹
1329 1277 1333 1286 '

290 1353 362 1411 Non
377 1352 427 1424 sic,
444 1352 597 1428 aggeribus
612 1351 705 1428 ruptis
719 1372 811 1428 quum
826 1372 964 1428 spumeus
979 1353 1074 1412 amnis

291 1444 370 1516 Exiit
385 1440 597 1521 oppositasque
611 1445 699 1506 evicit
712 1444 825 1523 gurgite
840 1445 941 1518 moles,
1005 1453 1008 1461 '
1260 1508 1264 1532 -.

290 1539 395 1597 Fertur
408 1538 438 1596 in
453 1538 634 1608 arvalurens
649 1538 776 1612 cumulo,
792 1557 972 1615 camposque
987 1559 1039 1614 per
1054 1559 1157 1600 omnes
1192 1611 1194 1616 ,
1231 1529 1235 1540 ”
1268 1544 1295 1578 ’-

290 1632 367 1690 Cum
383 1631 505 1691 stabulis
520 1642 653 1692 armenta
666 1631 762 1692 trabit
805 1631 876 1690 Vidi
890 1630 953 1708 ipse
968 1633 1113 1692 furentem
1261 1631 1263 1635 ’

290 1724 392 1784 Caede
407 1725 639 1801 Neoptolemum
650 1725 845 1802 geminosque
860 1724 890 1783 in
905 1725 1005 1784 limine
1021 1726 1161 1808 Atridas,
1229 1756 1266 1793 500

288 1816 361 1877 Vidi
376 1819 536 1878 Hecubam
550 1829 729 1895 centumque
743 1837 842 1892 nurus,
859 1817 1067 1894 Priamumque
1081 1839 1135 1896 per
1149 1839 1212 1880 aras
1259 1860 1261 1864 .
1280 1854 1282 1858 ,

291 1909 440 1988 Sanguine
454 1911 633 1985 foedantem,
650 1931 725 1989 quos
739 1911 804 1988 ipse
819 1921 990 1984 sacraverat,
1006 1910 1096 1988 ignes
1230 1913 1231 1918 ’

289 2003 514 2081 Quinquaginta
527 2004 571 2063 illi
585 2005 715 2077 thalami,
731 2024 799 2081 spes
813 2015 897 2064 tanta
910 2015 1062 2082 nepotum,

290 2096 447 2156 Barbarico
461 2109 563 2175 postes
577 2118 648 2159 auro
663 2098 824 2175 spoliisque
840 2097 966 2174 superbi,

289 2191 497 2265 Procubuere;
516 2203 620 2252 tenent
634 2191 740 2265 Danai,
758 2211 816 2267 qua
832 2190 933 2251 deficit
946 2191 1030 2268 ignis.
1204 2267 1206 2280 Ι

330 2285 466 2344 Forsitan
481 2295 519 2358 et,
536 2284 647 2345 Priami
658 2283 765 2345 fuerint
779 2303 855 2361 quae
870 2285 938 2358 fata,
953 2283 1092 2363 requiras.
1176 2307 1178 2312 ’

289 2378 382 2437 Urbis
396 2378 439 2438 uti
452 2389 558 2455 captae
572 2397 673 2439 casum
688 2379 890 2454 convulsaque
904 2376 978 2437 vidit
1197 2456 1200 2461 Ι

289 2470 408 2529 Limina
421 2480 568 2531 tectorum
581 2482 611 2531 et
625 2470 758 2530 medium
770 2470 802 2535 in
815 2470 1015 2548 penetralibus
1030 2472 1156 2547 hostem,

289 2566 382 2622 Arma
396 2563 447 2622 diu
461 2564 562 2623 senior
576 2565 698 2623 desueta
712 2555 905 2624 trementibus
920 2582 993 2623 aevo

290 2654 461 2715 Circumdat
475 2656 678 2733 nequidquam
691 2655 828 2729 humeris,
844 2664 875 2715 et
888 2654 990 2723 inutile
1004 2657 1112 2717 ferrum
1203 2659 1205 2665 ’

290 2747 432 2824 Cingitur,
449 2768 484 2808 ac
498 2750 608 2809 densos
623 2750 712 2809 fertur
725 2749 882 2809 moriturus
896 2750 926 2807 in
940 2750 1049 2817 hostes
1215 2757 1218 2764 '

290 2841 425 2901 Aedibus
439 2840 470 2901 ib
484 2842 590 2903 mediis
604 2843 746 2919 nudoque
761 2844 814 2902 sub
830 2841 957 2903 aetheris
970 2862 1024 2902 axe

289 2935 401 3011 Ingens
415 2954 465 2994 ara
479 2936 533 2998 suit
544 2936 687 3015 juxtaque
700 2935 855 2997 veterrima
869 2937 974 3010 laurus,

290 3028 472 3088 Incumbens
487 3047 553 3088 arae
568 3040 657 3106 atque
671 3030 776 3089 umbra
789 3030 946 3107 complexa
961 3031 1097 3089 Penates.

290 3120 352 3179 Hic
367 3122 497 3181 Hecuba
510 3134 540 3181 et
554 3134 641 3183 natae
655 3122 858 3200 nequidquam
872 3123 974 3183 altaria
988 3124 1105 3196 circum,

289 3212 469 3290 Praecipites
484 3225 546 3273 atra
560 3235 615 3275 ceu
629 3226 805 3292 tempestate
820 3217 984 3290 columbae,

290 3307 470 3367 Condensae
485 3317 514 3366 et
529 3307 628 3367 divum
643 3309 797 3385 amplexae
812 3308 968 3369 simulacra
983 3309 1134 3369 sedebant.

290 3401 393 3476 Ipsum
407 3412 506 3459 autem
521 3402 646 3477 sumptis
662 3401 811 3461 Priamum
822 3401 1010 3480 juvenalibus
1025 3402 1112 3461 armis

290 3493 335 3551 Ut
348 3491 430 3565 vidit,
447 3493 533 3567 Quae
547 3514 631 3553 mens
646 3505 706 3553 tarn
721 3494 792 3567 dira,
808 3494 968 3555 miserrime
983 3496 1100 3574 conjux,

290 3584 413 3661 Impulit
426 3585 472 3643 his
486 3586 564 3663 cingi
579 3586 664 3647 telis?
685 3598 736 3647 aut
750 3606 811 3663 quo
825 3588 903 3647 ruis?
924 3586 1027 3663 inquit.
1228 3615 1264 3653 ⁵20

289 3680 319 3736 N
321 3696 360 3737 on
375 3677 426 3737 tali
440 3678 549 3739 auxilio
562 3699 619 3739 nec
633 3680 838 3740 defensoribus
853 3679 917 3739 istis

288 3772 421 3849 Tempus
435 3782 521 3849 eget3
541 3792 611 3848 non,
627 3772 652 3833 si
665 3772 729 3851 ipse
743 3791 827 3833 meus
841 3792 921 3833 nunc
936 3774 1038 3835 afforet
1054 3776 1177 3835 Hector.
