3017 4700
304 360 350 461 ¹94
606 393 633 440 Ρ.
654 364 787 454 ,urnurpn
810 395 954 440 nrnonrs

311 548 401 604 Nunc
415 551 503 620 caput
516 542 665 621 objectare
679 541 770 614 fretis,
786 559 864 600 nunc
879 556 993 598 currere
1008 537 1039 598 in
1052 537 1156 610 undas,

227 699 233 710 ,
312 639 351 696 Et
365 635 463 696 studio
477 635 626 696 incassum
639 634 741 694 videas
754 633 862 711 gestire
876 630 1002 692 lavandi.

311 731 390 790 Tum
403 727 506 787 cornix
518 728 609 804 plena
621 727 752 804 pluviam
765 734 853 786 vocat
866 723 1002 802 improba
1015 743 1089 786 voce

313 823 352 880 Et
366 821 430 880 sola
444 820 474 878 in
489 820 568 880 sicca
581 838 683 880 secum
698 818 841 895 spatiatur
854 835 951 876 arena.

313 916 361 972 Ne
376 922 521 972 nocturna
534 912 655 988 quidem
669 919 826 987 carpentes
840 928 935 986 pensa
947 910 1066 988 puellae
1150 975 1157 986 ,

313 1005 473 1065 Nescivere
487 1004 625 1077 hiemem,
641 1012 718 1064 testa
730 1021 822 1078 quum
836 1003 959 1064 ardente
973 1003 1110 1064 viderent

315 1096 480 1157 Scintillare
494 1097 592 1156 oleum
608 1106 637 1155 et
651 1105 755 1172 putres
768 1113 957 1156 concrescere
972 1096 1088 1175 fungos·

240 1266 243 1272 Ι
353 1192 419 1249 Nec
433 1189 530 1248 minus
544 1208 581 1248 ex
593 1188 681 1248 imbri
695 1188 776 1248 soles
789 1198 820 1248 et
833 1198 935 1265 aperta
950 1207 1055 1248 serena
1137 1197 1142 1206 '

314 1283 486 1360 Prospicere
501 1292 531 1342 et
545 1281 632 1342 certis
645 1282 758 1359 poteris
772 1300 952 1360 cognoscere
967 1282 1057 1360 signis
1071 1305 1077 1342 ι

313 1379 392 1435 Nam
406 1395 503 1452 neque
518 1385 580 1435 tum
595 1377 689 1438 stellis
702 1375 784 1436 acies
796 1376 924 1436 obtunsa
936 1375 1061 1449 videtur,

313 1472 379 1528 Nec
393 1469 490 1529 fratris
504 1468 594 1528 radiis
607 1469 737 1529 obnoxia
749 1469 870 1546 surgere
885 1470 981 1542 Luna,
1042 1467 1046 1484 '

313 1562 429 1621 Tenuia
443 1580 498 1621 nec
513 1562 599 1626 lanae
613 1581 667 1639 per
680 1561 796 1622 coelum
811 1561 924 1621 vellera
936 1560 1022 1634 ferri,

314 1657 384 1713 Non
399 1655 534 1733 tepidum
548 1655 586 1714 ad
601 1655 696 1714 solem
709 1673 823 1731 pennas
838 1653 869 1712 in
883 1654 969 1714 litore
982 1653 1118 1730 pandunt

314 1746 449 1806 Dilectae
463 1747 585 1807 Thetidi
599 1748 748 1826 alcyones,
765 1765 826 1806 non
840 1764 891 1807 ore
906 1746 1021 1808 solutos

314 1840 466 1900 Immundi
479 1839 641 1900 meminere
656 1858 723 1900 sues
739 1841 853 1916 jactare
868 1837 1022 1916 maniplos.

312 1936 354 1993 At
368 1935 493 1994 nebulae
507 1933 600 2010 magis
615 1933 674 1993 ima
687 1942 793 2010 petunt
808 1951 974 2009 campoque
988 1931 1172 2006 recumbunt,

313 2026 434 2086 Solis-et
448 2045 585 2087 occasum
600 2045 724 2086 servans
736 2026 776 2086 de
790 2024 919 2084 culmine
934 2043 1050 2084 summo
1147 2047 1152 2059 ·

313 2119 620 2196 Nequidquam-seros
632 2128 750 2180 exercet
764 2128 874 2180 noctua
886 2127 1000 2178 cantus.

312 2215 445 2290 Apparet
459 2213 572 2290 liquido
587 2212 721 2272 sublimis
735 2213 767 2272 in
781 2214 849 2272 acre
864 2211 965 2286 Nisus,

313 2308 351 2366 Et
364 2325 418 2384 pro
431 2325 579 2384 purpureo
593 2324 707 2383 poenas
720 2306 774 2365 dat
787 2304 885 2385 Scylla
897 2302 1005 2382 capillo
1016 2326 1025 2379 3
1157 2374 1167 2383 ἢ

312 2400 508 2475 Quacumque
522 2399 574 2458 illa
587 2400 683 2459 levem
697 2398 814 2477 lugiens
828 2408 910 2459 secat
923 2399 1045 2459 aethera
1056 2398 1174 2475 pennis,

313 2494 391 2552 Ecce
406 2492 551 2565 inimicus,
566 2501 658 2565 atrox,
673 2509 783 2569 magno
797 2492 922 2551 stridore
935 2510 989 2569 per
1002 2510 1089 2551 auras

313 2585 483 2661 Insequitur
497 2584 607 2658 Nisus3
626 2603 686 2660 qua
699 2602 733 2643 se
746 2584 802 2643 fert
817 2584 909 2645 Nisus
921 2584 962 2643 ad
976 2602 1070 2657 auras,

313 2677 369 2736 Illa
382 2677 479 2737 levem
493 2676 609 2755 fugiens
623 2676 731 2753 raptim
744 2687 826 2737 secat
840 2677 960 2737 aethera
972 2677 1089 2754 pennis.

312 2772 390 2829 Tum
404 2768 532 2845 liquidas
544 2768 625 2828 corvi
638 2787 744 2846 presso
757 2778 802 2829 ter
814 2778 932 2847 gutture
945 2788 1036 2829 voces

312 2865 374 2922 Aut
388 2872 492 2939 quater
506 2861 698 2940 ingeminant,
713 2871 744 2921 et
758 2880 848 2939 saepe
862 2862 1009 2922 cubilibus
1023 2861 1099 2935 altis,

312 2956 425 3016 Nescio
439 2975 498 3032 qua
511 2965 628 3032 praeter
642 2955 762 3015 solitum
777 2956 935 3016 dulcedine
950 2955 1028 3029 laeti,

313 3054 397 3110 Inter
411 3069 442 3109 se
457 3050 488 3108 in
502 3049 581 3109 foliis
595 3035 769 3127 strepitant3
786 3050 870 3129 juvat
883 3048 1027 3109 imbribus
1041 3048 1115 3109 actis

312 3144 488 3220 Progeniem
501 3161 622 3219 parvam
636 3142 798 3219 dulcesque
813 3140 940 3202 revisere
954 3140 1041 3201 nidos
1052 3163 1062 3215 3

313 3236 415 3309 Haud,
430 3235 569 3312 equidem
583 3236 681 3309 credo,
696 3234 766 3311 quia
780 3234 818 3295 sit
832 3233 972 3293 divinitus
986 3233 1046 3293 illis

313 3328 471 3407 Ingenium
485 3337 536 3387 aut
549 3346 646 3387 rerum
660 3329 720 3388 lato
734 3327 892 3405 prudentia
905 3327 1019 3403 major;

311 3422 433 3494 Verum,
448 3419 499 3480 ubi
513 3430 675 3497 tempestas
689 3430 719 3481 et
732 3420 810 3480 coeli
824 3419 942 3479 mobilis
956 3419 1062 3477 humor

313 3515 468 3573 Mutavere
482 3512 545 3573 vias
559 3523 589 3572 et
602 3512 739 3590 Juppiter
752 3512 859 3573 uvidus
873 3510 980 3571 austris

313 3606 438 3679 Denset,
454 3615 628 3682 erant-quae
641 3625 706 3665 rara
718 3605 818 3679 modo,
833 3615 863 3665 et
878 3623 954 3683 quae
968 3602 1070 3676 densa,
1085 3601 1204 3674 relaxat,

311 3699 474 3757 Vettuntru
487 3698 602 3775 species
616 3698 789 3771 animomm,
805 3707 836 3758 et
848 3708 970 3775 pectora
983 3705 1081 3755 motus

313 3793 342 3849 N
344 3810 403 3851 unc
417 3791 500 3865 alios,
516 3790 599 3865 alios,
615 3792 687 3851 dum
701 3791 803 3851 nubila
816 3801 923 3851 ventus
937 3788 1052 3868 agebat,

1247 3718 1285 3756 420
