3017 4700
543 389 709 441 animnos
722 391 782 434 LIB·
799 391 839 434 Vl.

208 534 284 611 Quis
299 545 360 614 tam
374 535 506 596 crudeles
521 534 634 612 optavit
648 555 764 596 sumere
777 538 909 613 poenas?

209 628 266 690 Cui
280 639 394 692 tantum
409 629 446 688 de
461 640 491 688 te
505 613 609 688 licuit}
650 628 728 688 Mihi
742 630 851 688 fama
835 649 994 730 suprema!
1013 678 1023 710 ,

208 724 238 780 N
240 721 388 781 octoatulit
403 722 511 782 sessum
526 732 611 782 vasta
624 732 653 781 te
668 723 761 781 caede
776 724 934 800 Pelasgum
991 779 999 796 ,
1078 709 1080 717 ¹

209 814 403 874 Procubuisse
418 834 507 892 super
520 814 661 875 confusae
676 814 782 892 stragis
795 835 939 876 acervum.

209 910 295 967 Tunc
310 919 427 984 egomet
441 909 587 968 tumulum
602 908 763 969 Rboeteo
755 927 786 966 in
800 907 906 968 litore
900 928 1017 970 manem

208 1000 365 1074 Constitui,
381 1011 411 1060 et
425 1020 533 1078 magna
547 1002 656 1060 Manes
669 1011 716 1060 ter
728 1020 803 1062 voce
817 1002 928 1065 vocavi.

208 1097 326 1154 Nomen
342 1103 372 1153 et
385 1113 467 1153 arma
481 1095 578 1153 locum
594 1103 710 1153 servant
719 1113 730 1170 3
749 1104 787 1169 te,
803 1094 905 1170 amice,
922 1095 1039 1172 nequivi

209 1187 390 1264 Conspicere
405 1199 434 1246 et
449 1187 544 1264 patn'a
557 1187 707 1248 decedens
720 1207 832 1265 ponere
845 1198 926 1248 terra.

208 1280 258 1340 Ad
270 1300 349 1361 ‚quae
364 1279 544 1341 Priamides:
567 1280 649 1339 Nihil
663 1300 683 1340 o
696 1280 750 1342 tibi
765 1281 858 1352 amice
873 1281 1006 1352 relictum
1016 1271 1037 1357 ;'

209 1374 320 1434 Omnia
333 1373 495 1451 Deiphobo
510 1373 622 1433 solvisti
636 1384 667 1434 et
680 1373 789 1435 funeris
803 1374 920 1458 umbris
951 1425 953 1435 ,

208 1467 267 1527 Sed
282 1485 330 1526 me
344 1468 404 1526 fata
417 1485 484 1526 mea
497 1476 527 1526 et
541 1468 638 1526 scelus
652 1466 769 1533 exitiale
784 1468 938 1530 Lacaenae

208 1559 267 1620 His
281 1578 406 1619 mersere
416 1559 525 1640 ‘malis3
545 1559 596 1618 illa
609 1561 684 1620 haec
697 1571 893 1622 monumenta
904 1561 1027 1638 reliquit.

208 1640 345 1729 Namque
360 1662 393 1712 ut
407 1672 573 1729 supremam
588 1653 662 1712 salsa
676 1653 752 1712 inter
765 1654 873 1730 gaudia
887 1667 1006 1714 noctem

207 1746 369 1822 Egerimus,
385 1744 484 1820 nosti,
505 1755 534 1805 et
548 1745 673 1805 nimium
687 1746 856 1806 meminisse
872 1767 993 1808 necesse
1008 1759 1061 1809 est.

207 1841 308 1914 Quum
323 1839 419 1898 fatalis
433 1858 527 1914 equus
542 1839 616 1897 saltu
631 1857 719 1915 super
733 1841 825 1899 ardua
838 1841 919 1902 venit

160 1985 168 1995 .
208 1934 351 2008 Pergama
364 1943 394 1991 et
408 1942 553 1990 armatum
567 1930 698 2007 peditem
711 1931 808 2008 gravis
823 1933 918 1992 attulit
932 1935 1006 2008 aive,

207 2026 273 2098 Illa,
288 2026 411 2084 chorum
426 2024 575 2096 simulans,
590 2034 712 2086 evantes
726 2024 809 2101 orgia
822 2024 932 2084 circum

207 2118 346 2177 Ducebat
361 2115 521 2193 Phrygias;
541 2116 693 2175 flammam
707 2116 806 2176 media
820 2116 884 2194 ipsa
897 2121 1017 2180 tenebat

207 2213 373 2287 Ingentem,
390 2219 419 2268 et
433 2228 548 2273 summa
561 2211 685 2269 Danaos
699 2229 737 2270 ex
750 2229 816 2282 arce
831 2213 963 2272 vocabat

207 2306 285 2363 Tum
299 2322 355 2378 me,
371 2302 539 2363 confectum
554 2301 631 2363 curis
646 2320 813 2380 somnoque
827 2315 987 2383 gravatum,
1077 2323 1082 2344 ⁴

207 2396 315 2457 Infelix
328 2394 431 2456 habuit
445 2396 600 2478 thalamus,
616 2395 779 2475 pressitque
792 2399 940 2474 jacentem

206 2489 311 2550 Dulcis
324 2500 355 2551 et
368 2490 429 2549 alta
442 2489 526 2565 quies
540 2488 734 2565 placidaeque
749 2490 899 2553 simillima
911 2492 1006 2555 morti.

207 2582 331 2660 Egregia
344 2582 457 2642 interea
469 2584 579 2657 conjux
593 2602 674 2643 arma
688 2584 789 2644 omnia
802 2586 887 2645 tectis

206 2679 342 2749 Amovet,
359 2687 388 2737 et
402 2676 494 2735 fidum
508 2674 598 2752 capiti
612 2677 793 2737 subduxerat
807 2698 928 2753 ensem3

207 2772 288 2828 Intra
302 2779 381 2828 tecta
391 2778 479 2829 vocat
493 2770 674 2844 Menelaum,
689 2782 721 2831 et
733 2770 838 2855 limina
851 2772 963 2849 pandit,

206 2862 323 2924 Scilicet
336 2862 367 2922 id
381 2881 519 2939 magnum
535 2882 656 2941 sperans
670 2866 733 2927 sore
747 2884 854 2925 munus
869 2865 987 2940 amanti,

207 2957 246 3014 Et
259 2957 368 3013 samam
383 2954 526 3031 exstingui
540 2967 672 3016 veterum
688 2958 731 3018 sic
745 2977 833 3037 posse
848 2961 1019 3040 malorum„

206 3047 288 3123 Quid
302 3051 419 3108 moror?
455 3050 624 3126 Irrumpunt
639 3051 789 3125 thalam03
809 3069 911 3113 comes
925 3051 1042 3113 additur
1055 3072 1115 3113 una

207 3133 352 3202 Hortatur
366 3142 508 3202 scelerum
523 3130 673 3205 Aeolides
717 3142 767 3217 Di,
783 3138 853 3205 talia
867 3144 963 3205 Graiis

207 3235 381 3306 Instaurate,
395 3234 446 3311 pio
461 3235 487 3295 si
500 3254 615 3313 poenas
629 3254 680 3295 ore
693 3254 826 3339 reposco.

208 3326 295 3386 Sedt
283 3336 312 3386 te
327 3327 377 3403 qui
391 3327 493 3387 vivum
504 3347 599 3401 casus,
615 3346 679 3405 age,
694 3327 794 3387 sare
767 3328 903 3405 vicissim,

207 3418 376 3479 Attulerint
420 3420 656 3523 Quouis
670 3418 816 3481 erroribus
830 3433 922 3497 actua,

207 3515 255 3571 An
270 3512 385 3573 monitu
400 3511 520 3577 divum?
555 3515 604 3573 An
620 3532 696 3590 quae
709 3500 740 3574 te
753 3514 871 3575 fortuna
884 3515 994 3595 fatigat,

206 3607 250 3665 Ut
264 3606 362 3666 tristes
376 3606 441 3666 sine
456 3607 518 3665 sole
533 3606 647 3710 domos,
663 3608 730 3667 loca
743 3606 869 3683 turbida,
884 3609 1034 3681 adires?

207 3698 317 3757 Hac
290 3718 355 3758 vice
370 3718 538 3758 sermonum
552 3698 644 3759 roseis
658 3702 774 3761 Aurora
788 3700 937 3779 quadrigis
1140 3730 1176 3772 535

205 3792 273 3866 Jam
287 3789 419 3850 medium
433 3789 563 3854 aetherio
577 3809 663 3849 cursu
676 3792 830 3868 trajecerat
844 3812 928 3868 axem
940 3816 950 3869 3
