3017 4700
300 375 356 414 220
611 371 637 414 Ρ.
657 370 789 413 VIRGlLll
812 369 953 413 MARONIS

632 492 637 498 .
702 490 705 496 .
977 461 1005 498 „ll
1054 489 1056 494 ,
1156 487 1158 490 .
1241 489 1244 493 .

297 519 425 594 Jamque
440 517 500 576 fere
514 515 644 576 mediam
658 515 735 575 coeli
750 518 820 575 Nox
834 515 956 576 humida
967 479 1079 580 delati
1138 585 1140 589 ¹
1235 535 1270 584 a„

298 609 490 688 Contigerat3
511 608 630 686 placida
642 610 781 668 laxabant
796 610 929 668 membra
943 602 1042 685 qbiete

297 704 358 763 Sub
372 701 459 763 remis
473 701 529 761 susi
543 721 597 778 per
611 697 684 761 dura
697 701 801 762 sedilia
814 712 940 762 nautae:

297 797 375 856 Cum
390 794 462 854 levis
477 794 613 854 aetheriis
628 795 766 872 delapsus
782 797 909 855 Somnus
923 796 962 854 ab
977 795 1062 855 astris

299 890 378 947 Adra
391 887 516 948 dimovit
531 888 718 948 tenebrosum
734 899 764 948 et
778 886 899 963 dispulit
911 889 1039 962 umbras,

296 983 351 1054 Te,
367 980 512 1054 Palinure,
528 992 641 1058 petens,
657 980 711 1040 tibi
725 980 840 1043 somnia
848 980 947 1041 tristia
959 991 1083 1057 portans
1234 999 1272 1047 840

296 1073 415 1134 Insonti
426 1095 435 1148 3
455 1073 608 1150 puppique
623 1073 696 1134 deus
710 1073 846 1134 consedit
859 1073 890 1134 in
905 1074 972 1147 alta,
1132 1143 1134 1154 ,
1189 1145 1191 1150 Ι

298 1166 460 1228 Phorbanti
476 1166 586 1239 similis,
602 1166 758 1242 funditque
772 1165 825 1225 has
840 1156 1058 1242 ore'loquelas:
1088 1157 1109 1238 pl
1125 1153 1126 1160 ἵ
1180 1154 1253 1240 ΓΜ,
1316 1168 1322 1177 ’

296 1259 395 1321 Iaside
411 1259 557 1332 Palinure,
573 1260 668 1318 ferunt
681 1258 746 1336 ipsa
760 1278 888 1335 aequora
902 1261 1026 1319 classem
1037 1280 1047 1332 3
1080 1263 1119 1331 ,fx
1136 1277 1147 1318 ,ε
1160 1269 1189 1340 t(
1198 1281 1230 1338 (p

296 1357 451 1429 Aequatae
466 1351 578 1430 spirant
591 1372 678 1412 aurae
689 1375 698 1427 3
718 1352 804 1412 datur
817 1353 889 1412 hora
904 1352 1002 1429 quieti
1255 1422 1256 1425 Ἴ

296 1449 379 1506 Pone
395 1456 493 1522 caput,
509 1446 662 1521 fessosque
676 1446 779 1504 oculos
792 1445 885 1505 furare
900 1445 1001 1504 labori.
1177 1510 1181 1526 ᾗ
1233 1463 1269 1536 5⁴⁵
1302 1449 1309 1466 ⁸

296 1541 367 1616 Ipse
382 1558 439 1615 ego
454 1538 602 1615 paulisper
614 1556 668 1614 pro
684 1549 713 1598 te
726 1548 778 1598 tua
791 1557 914 1598 munera
927 1537 1016 1599 iuib0.
1037 1554 1044 1582 ‘·
1055 1547 1057 1555 ’
1070 1549 1079 1586 Γ
1092 1547 1095 1563 ⁴
1108 1523 1129 1580 l‘
1193 1535 1283 1590 ‘rt-:tf

289 1631 354 1694 ¹Cui
367 1630 418 1690 vix
431 1632 570 1691 attollens
586 1631 739 1690 Palinurus
753 1631 865 1691 lumina
878 1632 972 1692 fatur:

296 1727 388 1784 Mene
403 1724 471 1784 salis
485 1724 595 1800 placidi
609 1726 721 1784 vultum
735 1725 900 1801 fluctusque
915 1724 1032 1801 quietos

296 1821 437 1895 Ignorare
448 1818 556 1896 jubes?
576 1836 663 1878 mene
677 1819 745 1877 huic
760 1818 909 1877 confidere
923 1820 1076 1878 monstro?
1108 1855 1110 1860 ·

297 1913 422 1971 Aenean
436 1911 555 1970 credam
570 1907 642 1987 quid
656 1911 736 1970 enim
750 1909 904 1970 fallacibus
920 1911 998 1970 auris

297 2007 335 2064 Et
349 2004 426 2064 coeli
441 2003 528 2064 toties
543 2004 685 2082 deceptus
699 2004 800 2063 fraude
815 2003 930 2065 sereni?

296 2097 382 2157 Talia
396 2098 477 2157 dicta
488 2097 591 2170 dabat,
607 2097 782 2172 clavumque
796 2097 899 2156 affixus
914 2106 944 2156 et
958 2097 1082 2156 haerens
1182 2159 1183 2164 ,

296 2175 451 2268 Nusquam
465 2191 628 2263 amittebat,
644 2191 808 2288 oculqsque
822 2189 876 2250 sub
891 2199 968 2249 astra
982 2190 1111 2249 tenebat.
1174 2263 1180 2288 f

297 2286 376 2343 Ecce
390 2285 463 2343 deus
477 2302 592 2342 ramum
607 2283 740 2341 Lethaeo
754 2301 819 2341 rore
833 2283 1003 2342 madentem
1056 2300 1067 2334 r
1157 2288 1174 2322 Γ

296 2378 394 2454 Vique
408 2388 580 2455 soporatum
595 2376 798 2453 Stygiasuper
812 2386 934 2452 utraque
949 2386 1068 2453 quassat
1233 2395 1268 2443 85⁵

296 2472 455 2549 Tempora,
469 2469 679 2545 cunctantique
694 2468 826 2528 natantia
840 2469 951 2529 lumina
964 2468 1060 2530 solvit.

296 2563 355 2621 Vix
369 2563 479 2640 primos
494 2564 616 2639 inopina
631 2562 714 2638 quies
728 2562 877 2621 laxaverat
891 2572 987 2622 artus:

297 2657 336 2716 Et
350 2656 611 2733 superincumbens
626 2674 694 2717 cum
707 2654 816 2731 puppis
831 2665 913 2731 parte
928 2656 1043 2716 revulsa
1139 2698 1143 2716 ,
1197 2692 1202 2706 ι
1298 2702 1307 2733 ,

298 2751 434 2824 Cumque
448 2750 627 2825 gubemaclo
642 2746 769 2824 liquidas
783 2746 908 2826 projecit
922 2748 952 2806 in
967 2748 1062 2807 undas
1272 2802 1273 2805 ,

201 2864 204 2872 ’
298 2842 495 2919 Praecipitem
510 2862 545 2901 ac
561 2842 658 2901 socios
673 2840 876 2918 nequidquam
891 2860 980 2917 saepe
995 2851 1173 2915 vocantem;
1234 2860 1283 2899 uso.

298 2938 369 3011 Ipse
383 2936 487 2994 volans
500 2947 604 2994 tenues
620 2954 651 2994 se
665 2930 783 2995 sustulit
796 2935 857 2994 ales
872 2936 911 2994 ad
925 2952 1018 3007 auras.
1049 2944 1065 2987 Ἰ
1080 2958 1083 2966 ’

299 3026 396 3088 Currit
410 3027 465 3088 iter
479 3039 573 3087 tutum
588 3047 648 3087 non
663 3027 760 3087 secius
774 3046 902 3104 aequore
916 3026 1026 3100 classis,

299 3120 511 3197 Promissisque
526 3122 617 3197 patris
632 3120 765 3197 Neptuni
780 3120 910 3181 interrita
924 3121 1021 3181 fertur.
1104 3142 1107 3151 ’
1129 3151 1132 3162 ,
1210 3174 1212 3183 ,

297 3215 423 3289 Jamque
439 3215 515 3274 adeo
530 3216 668 3291 scopulos
685 3215 821 3273 Sirenum
836 3214 960 3274 advecta
974 3206 1133 3286 subibat}
1187 3276 1189 3285 ,
1303 3268 1305 3275 ,
1357 3270 1361 3282 ,

299 3305 441 3366 Difficiles
457 3309 607 3383 quondam
622 3308 842 3384 multorumque
858 3306 973 3367 ossibus
987 3306 1081 3378 albos,

298 3401 377 3457 Tum
390 3419 479 3459 rauca
492 3400 617 3461 adsiduo
631 3401 719 3477 longe
733 3400 796 3459 sale
810 3418 880 3459 saxa
895 3400 1057 3459 sonabant:

299 3493 400 3566 Quum
414 3490 497 3570 pater
510 3494 618 3553 amisso
632 3493 798 3553 fluitantem
813 3512 908 3552 errare
923 3493 1064 3571 magistro

299 3586 405 3659 Sensit,
421 3597 451 3646 et
465 3586 528 3663 ipse
543 3597 635 3646 ratem
649 3584 802 3645 nocturnis
816 3584 890 3645 rexit
903 3583 933 3643 in
948 3585 1044 3658 undis,
1215 3651 1216 3659 ἵ

300 3667 397 3758 Multa
410 3698 540 3754 gemeus,
556 3697 685 3754 casuque
700 3676 832 3760 animum
846 3693 1007 3737 concussus
1022 3677 1129 3738 amici:
1233 3700 1236 3706 ·

299 3771 327 3830 Ο
342 3761 465 3828 nimiuin
480 3765 566 3830 coelo
581 3781 610 3829 et
624 3771 731 3845 pelago
745 3765 857 3829 confise
872 3789 984 3845 sereno,

300 3864 408 3923 Nudus
421 3862 452 3920 in
466 3862 576 3939 ignota,
594 3861 739 3937 Palinure,
752 3862 866 3939 jacebis
881 3882 977 3924 arena.
