3017 4700
583 376 742 421 Aruernos
763 379 822 422 um.
845 379 884 422 rv.
1167 368 1220 442 185

245 525 345 600 Atque
359 521 491 581 animum
505 541 585 584 nunc
598 523 658 600 huc
671 523 808 597 celerem,
823 543 903 583 nunc
918 522 1023 585 dividit
1036 523 1115 599 illuc,
1186 543 1222 593 ,ες

246 617 283 674 In
297 626 454 693 partesque
469 616 544 692 rapit
557 615 652 675 varias
665 635 777 693 perque
792 616 891 677 omnia
905 627 1009 676 versat

247 711 334 768 Haec
347 708 505 768 alternanti
518 709 617 785 potior
630 709 780 768 sententia
793 709 857 769 visa
871 695 934 768 e'st:

247 803 407 862 Mnesthea
422 803 652 879 Sergestumque
665 810 753 860 vocat
767 801 932 885 fqrtemque
949 803 1109 878 Serestum,
1166 857 1174 868 ,

247 896 383 954 Classem
394 905 500 972 >aptent
514 893 595 954 taciti
609 893 768 969 sociosque
783 895 822 952 ad
836 895 922 953 litora
936 905 1053 972 cogant,

246 990 339 1047 Arma
351 998 470 1065 parent,
481 998 518 1061 et,
534 1005 611 1063 quae
625 986 713 1045 rebus
728 987 767 1045 sit
781 1005 885 1046 caussa
899 988 1055 1062 novandis,
1185 1015 1226 1054 ιφ

246 1081 462 1155 Dissimulent3
483 1099 549 1140 sese
563 1081 684 1152 interea,
700 1079 822 1154 quando
838 1079 951 1156 optima
966 1080 1047 1140 Dido
1105 1063 1187 1141 trial
1209 1125 1214 1131 ·
1240 1101 1248 1126 t
1273 1117 1275 1126 ι
1292 1119 1295 1132 2
1310 1079 1339 1145 tl
1347 1069 1363 1142 ί

247 1173 369 1233 Nesciat
383 1184 413 1233 et
426 1183 526 1233 tantos
541 1172 638 1249 rumpi
652 1191 713 1230 non
728 1181 829 1248 speret
843 1191 967 1246 amores,

245 1269 440 1326 Tentaturum
454 1267 561 1340 aditus,
576 1275 607 1325 et
621 1283 698 1341 quae
711 1264 887 1324 mollissima
900 1265 983 1326 fandi

245 1361 408 1436 Tempora,
419 1360 485 1435 quis
499 1359 588 1418 rebus
602 1359 705 1418 dexter
718 1358 833 1418 modus.
877 1359 970 1420 Ocius
984 1377 1088 1418 omnes

245 1452 376 1528 Imperio
390 1453 460 1512 laeti
473 1461 627 1529 parentac
639 1456 723 1532 jussa
735 1451 895 1511 facessunt.
1185 1478 1221 1518 29⁵

285 1547 326 1604 At
340 1545 443 1623 regina
456 1546 543 1605 dolos
553 1545 670 1622 —quis
684 1545 784 1604 fallere
798 1545 893 1621 possit
908 1554 1057 1605 amantem
1066 1547 1077 1606 ἓ
1086 1578 1128 1592 -·

244 1639 422 1718 Praesensit,
439 1648 597 1715 motusque
612 1638 729 1715 excepit
742 1639 837 1715 prima
851 1639 973 1712 futums,

243 1731 354 1791 Omnia
368 1742 431 1792 tuta
444 1733 559 1792 timens
604 1733 717 1791 Eadem
732 1731 823 1809 impia
838 1734 930 1792 Fama
943 1733 1052 1794 surenti

244 1825 360 1884 Detulit
373 1826 479 1885 armari
492 1827 618 1886 classem
633 1843 809 1900 cursumque
823 1825 926 1902 parari.

244 1919 344 1977 Saevit
358 1919 446 1994 inops
460 1919 560 1992 animi,
576 1927 728 1993 totamque
742 1917 866 1978 incensa
879 1937 932 1995 per
946 1919 1049 1980 urbem
1183 1947 1221 1987 ³00

245 2013 416 2084 Bacchatur,
433 2011 529 2088 qualis
543 2010 701 2079 commotis
715 2011 811 2069 excita
825 2011 916 2070 sacris

244 2103 362 2182 Thyias
378 2104 428 2164 ubi
442 2105 545 2164 audito
559 2103 709 2163 stimulant
723 2101 869 2162 trieterica
883 2104 1001 2164 Baccho

245 2195 337 2275 Orgia
350 2208 573 2273 nocturnusque
586 2207 674 2256 vocat
687 2164 816 2256 claniore
832 2195 1000 2256 Cithaeron.

244 2290 380 2348 Tandem
395 2290 442 2350 his
457 2293 582 2349 Aenean
596 2290 758 2367 compellat
770 2288 895 2348 vocibus
908 2290 1006 2349 ultro:

1272 2378 1285 2406 ,

284 2384 479 2443 Dissimulare
493 2384 582 2444 etiam
596 2384 730 2461 sperasti,
745 2384 868 2461 perfide,
884 2393 999 2443 tantum
1182 2412 1220 2450 ³0⁵
1256 2392 1275 2461 ,l
1292 2413 1321 2467 t,
1384 2431 1387 2438 -
1417 2416 1420 2425 *

244 2479 337 2537 Posse
352 2478 444 2551 nefas,
460 2478 627 2554 tacitusque
641 2496 709 2537 mea
723 2478 870 2537 decedere
885 2480 981 2538 terra?

245 2572 311 2630 Nec
325 2581 355 2630 te
370 2582 472 2631 noster
485 2590 574 2645 amor,
590 2590 647 2631 nec
661 2582 691 2631 te
705 2573 776 2631 data
790 2572 911 2631 dextera
925 2570 1085 2648 quondam,

244 2666 309 2724 Nec
323 2663 464 2724 moritura
478 2674 560 2723 tenet
574 2665 687 2723 crudeli
701 2664 803 2724 funere
819 2665 922 2724 Dido?

243 2757 426 2833 Quinetiam
441 2758 566 2821 hiberno
580 2758 693 2818 moliris
707 2759 803 2818 sidere
817 2759 960 2831 classem,

243 2854 281 2912 Et
295 2852 400 2912 mediis
414 2871 555 2929 properas
569 2852 782 2928 aquilonibus
773 2870 815 2911 rre
829 2872 884 2929 per
897 2852 999 2925 altum,
1181 2878 1219 2916 ³10

243 2945 404 3005 Crudelis?
445 2945 548 3019 Quid?
569 2945 594 3004 si
609 2964 670 3003 non
684 2964 754 3003 arva
769 2945 866 3003 aliena
880 2930 1045 3020 domosque

243 3040 367 3116 ignotas
381 3047 507 3115 peteres
523 3048 553 3097 et
566 3039 658 3114 Troja
671 3038 795 3114 antiqua
809 3047 950 3111 maneret,

242 3132 332 3209 Troja
345 3150 399 3207 per
412 3131 561 3191 undosum
575 3141 726 3208 peteretur
739 3128 885 3190 classibus
899 3132 1032 3207 aequor?
1087 3101 1182 3199 §a
1112 3151 1179 3195 tri<

242 3226 335 3283 Mene
349 3225 448 3303 iugis?
480 3227 537 3284 Per
550 3242 608 3303 ego
622 3225 676 3285 has
690 3224 824 3283 lacrimas
839 3224 1032 3300 dextramque
1045 3232 1126 3283 tuam
1141 3234 1219 3285 te—
1238 3284 1240 3289 .

242 3319 372 3393 Quando
386 3318 468 3377 aliud
481 3318 583 3376 mihi
572 3336 633 3394 Jam
647 3317 773 3376 miserae
788 3316 883 3375 nihil
875 3336 940 3409 rpsa
953 3317 1108 3394 reliqui-
1181 3342 1219 3382 ³1⁵

242 3413 300 3471 Per
312 3410 462 3472 connubia
476 3420 585 3484 nostra,
600 3430 654 3488 per
667 3410 804 3487 inceptos
818 3409 1008 3487 hymenaeos,
1036 3454 1038 3465 t

240 3506 271 3565 Si
284 3505 363 3564 bene
378 3505 451 3581 quid
465 3506 503 3564 de
517 3516 548 3564 te
561 3503 663 3576 merui,
679 3504 734 3563 fuit
747 3513 799 3563 aut
812 3503 867 3563 tibi
881 3502 1044 3580 quidquam

242 3599 338 3657 Dulce
353 3618 461 3671 meum,
476 3598 614 3657 miserere
628 3597 736 3656 domus
750 3596 879 3657 labentis
894 3606 924 3656 et
938 3597 1033 3669 istam,
1089 3652 1093 3672 ,

242 3691 313 3765 Oro,
328 3691 355 3750 si
369 3691 436 3767 quis
450 3692 548 3750 adhuc
561 3688 700 3767 precihus
715 3690 808 3762 locus,
824 3708 898 3749 exue
912 3700 1051 3749 mentem.
1060 3681 1097 3753 ‘i
1139 3710 1164 3753 a

240 3784 286 3868 'le
299 3793 422 3862 propter
436 3782 565 3863 Libycae
578 3793 685 3862 gentes
699 3782 932 3860 Nomadumque
946 3779 1087 3862 tyranni'
1118 3825 1126 3865 ,
1182 3806 1218 3845 sn
1292 3811 1297 3825 =
