3017 4700
549 447 730 493 GEORGICON
751 449 811 494 LIB.
834 450 854 494 1.

208 591 276 652 Det
290 603 389 652 motus
403 591 617 671 incompositos
631 605 662 655 et
675 594 808 655 carmina
821 594 907 656 dicat

254 689 354 762 Atque
369 687 443 746 haec
457 696 491 746 ut
503 686 593 746 certis
605 706 762 764 possemus
777 688 892 747 discere
906 690 1008 766 signis,

209 780 391 854 Aestusque‚
406 779 591 855 pluviasque,
606 790 636 838 et
649 791 773 858 agentes
787 780 896 857 frigora
908 791 1023 855 ventos,

212 873 287 947 Ipse
301 873 390 931 Pater
403 871 514 945 statuit,
530 873 602 949 quid
615 882 769 931 menstrua
782 874 868 931 Luna
881 883 1016 933 moneret
1028 895 1038 949 3

212 964 284 1037 Quo
298 963 384 1040 signo
397 965 540 1024 caderent
551 964 662 1038 austri;
683 965 756 1040 quid
770 983 860 1042 saepe
874 966 1010 1026 videntes

212 1057 371 1134 Agricolae
385 1058 507 1134 propius
522 1057 647 1116 stabulis
661 1066 793 1135 armenta
807 1067 950 1118 tenerent.

215 1151 375 1236 Continuo,
390 1152 487 1210 ventis
501 1151 699 1228 surgentibus,
715 1161 767 1211 aut
781 1151 856 1211 freta
869 1151 954 1228 ponti

214 1242 367 1320 Incipiunt
380 1244 489 1320 agitata
502 1255 668 1303 tumescere
682 1254 713 1304 et
725 1243 824 1304 aridus
838 1245 906 1304 altis

214 1336 371 1396 Montibus
385 1337 479 1395 audiri
492 1337 597 1414 fragor,
613 1348 664 1396 aut
677 1337 847 1396 resonantia
861 1338 949 1415 longe

213 1428 315 1488 Litora
329 1429 446 1489 misceri
460 1440 490 1489 et
504 1449 659 1490 nemorum
673 1429 891 1514 increbrescere
904 1447 1042 1491 murmur.

182 1543 193 1560 ·
212 1522 280 1596 Jam
293 1521 351 1581 sibi
364 1532 427 1582 tum
440 1542 459 1582 a
472 1526 569 1585 curvis
582 1526 660 1584 male
674 1533 820 1599 temperat
833 1524 915 1583 unda
927 1522 1043 1594 carinis,

214 1614 314 1688 Quum
328 1615 428 1674 medio
441 1616 555 1676 celeres
569 1616 703 1676 revolant
717 1634 755 1674 ex
769 1633 898 1692 aequore
913 1615 1006 1692 mergi

214 1708 443 1784 Clamoremque
456 1709 554 1769 ferunt
567 1709 607 1768 ad
620 1709 714 1782 litora,
730 1727 881 1784 quumque
895 1708 1026 1768 marinae

214 1801 251 1858 In
266 1800 346 1860 sicco
360 1801 468 1860 ludunt
480 1801 596 1874 fulicae,
612 1812 758 1877 notasque
773 1801 899 1878 paludes

213 1893 333 1952 Deserit
346 1903 436 1970 atque
449 1894 539 1953 altam
553 1912 643 1970 supra
655 1895 736 1954 volat
749 1893 838 1953 ardea
852 1894 971 1953 nubem.

215 1983 310 2060 Saepe
321 1983 410 2043 etiam
425 1985 535 2058 stellas,
550 1995 641 2044 vento
655 1985 856 2060 impendente,
871 1985 989 2044 videbis

214 2076 394 2154 Praecipites
407 2077 493 2137 coelo
507 2077 575 2151 labi,
591 2063 747 2153 noctisque
761 2097 815 2154 per
828 2078 963 2136 umbram

214 2169 413 2228 Flammarum
427 2170 532 2249 longos
546 2189 565 2228 a
578 2179 662 2248 tergo
675 2171 828 2230 albescere
840 2179 951 2229 tractus
962 2191 972 2245 3

213 2263 308 2338 Saepe
322 2263 419 2322 levem
432 2264 548 2341 paleam
558 2274 589 2324 et
602 2264 722 2324 frondes
736 2263 858 2324 volitare
872 2264 1009 2337 caducas,

212 2358 273 2415 Aut
287 2376 403 2417 summa
416 2367 522 2417 nautes
536 2357 567 2415 in
581 2377 658 2434 aqua
671 2358 822 2417 colludere
836 2358 961 2434 plumas.

213 2452 255 2509 At
269 2451 381 2509 Boreae
395 2450 435 2509 de
447 2461 532 2526 parte
545 2450 634 2510 trucis
648 2469 740 2526 quum
750 2432 895 2523 fulminat,
910 2460 942 2510 et
956 2470 1048 2527 quum

213 2543 343 2619 Eurique
357 2543 541 2620 Zephyrique
555 2553 639 2603 tonat
652 2544 767 2617 domus,
783 2544 884 2603 omnia
898 2544 996 2621 plenis

214 2638 296 2696 Rura
309 2646 413 2696 natant
426 2635 523 2708 fossis,
538 2644 629 2712 atque
642 2637 740 2696 omnis
754 2636 853 2695 navita
867 2647 960 2713 ponto

213 2730 350 2788 Humida
363 2730 429 2789 vela
442 2729 521 2806 legit
564 2731 736 2805 Numquam
749 2728 986 2805 imprudentibus
1001 2729 1097 2789 imber

214 2822 337 2883 Obfuit:
356 2831 407 2881 aut
420 2821 502 2881 illurn
516 2831 685 2899 surgentem
700 2822 827 2881 vallibus
841 2821 908 2882 imis

214 2917 322 2976 A'e'riae
334 2916 436 2993 fugere
448 2933 544 2993 grues,
559 2924 611 2973 aut
623 2914 731 2974 bucula
743 2915 862 2974 coelum

214 3007 385 3085 Suspiciens
398 3006 507 3085 patulis
521 3007 649 3084 captavit
663 3007 785 3067 naribus
800 3026 894 3080 auras,

214 3104 275 3160 Aut
288 3111 391 3178 arguta
404 3101 486 3161 lacus
498 3100 742 3161 circumvolitavit
755 3099 893 3173 hirundo,

214 3195 253 3253 Et
265 3204 396 3265 veterem
409 3193 440 3252 in
453 3194 525 3253 limo
537 3212 627 3252 ranae
640 3194 776 3253 cecinere
791 3194 950 3269 querelam.

214 3285 339 3363 Saepius
354 3295 383 3344 et
396 3286 482 3345 tectis
495 3286 698 3362 penetralibus
712 3286 816 3345 extulit
829 3304 886 3345 ova

212 3380 381 3455 Angustum
395 3377 518 3437 formica
531 3387 631 3437 terens
645 3379 708 3452 iter,
723 3391 754 3440 et
767 3379 843 3439 bibit
856 3380 961 3456 ingens

213 3473 317 3542 Arcus,
332 3480 363 3528 et
375 3488 393 3529 e
406 3479 494 3547 pastu
507 3470 658 3530 decedens
671 3472 790 3550 agmine
804 3491 913 3550 magno

213 3564 378 3622 Corvorum
392 3562 538 3638 increpuit
551 3563 653 3622 densis
667 3564 811 3623 exercitus
825 3564 888 3625 alis.

211 3656 280 3730 Jam
293 3655 389 3714 varias
402 3654 500 3732 pelagi
514 3656 658 3728 volucres,
673 3667 703 3715 et
717 3674 794 3731 quae
802 3658 882 3717 ·Asia
895 3658 1005 3717 circum

213 3747 360 3806 Dulcibus
374 3747 405 3805 in
420 3748 532 3825 stagnis
545 3747 688 3807 rimantur
700 3759 785 3824 prata
799 3750 924 3827 Caystri,

213 3839 357 3899 Certatim
370 3840 469 3919 largos
482 3838 613 3899 humeris
626 3840 781 3900 infundere
795 3859 886 3915 rores,
