3017 4700
314 402 351 475 58
649 414 673 457 Ρ.
696 413 797 456 ovum
818 411 952 456 uasorus

314 562 379 619 Nec
394 558 465 619 satis
480 560 537 618 hoc
551 559 668 618 Baccho
681 570 745 618 est:
766 559 849 635 ipsos
862 577 982 635 quoque
996 558 1105 618 deserit
1119 577 1214 637 agros,
1263 560 1293 615 ⁸⁵,

314 654 451 729 Cumque
465 653 555 711 choro
570 651 690 712 meliore
704 653 750 712 sui
763 652 865 712 vineta
877 651 995 730 Tymoli

315 746 519 821 Pactolonque
533 745 615 821 petit,
632 745 767 821 quamvis
782 763 842 803 non
857 763 963 804 aureus
978 745 1028 803 illo

285 890 287 898 s
314 838 463 914 Tempore
478 856 534 896 nec
548 837 623 896 caris
638 847 700 896 erat
714 838 877 897 invidiosus
890 837 996 896 arenis.

316 932 408 989 Hunc
422 941 540 990 assueta
553 931 668 1002 cohorr,
685 930 782 1006 Satyri
796 931 999 1006 Bacchaeque,
1014 931 1222 1006 frequentant3

315 1026 357 1082 At
372 1023 594 1091 Silenusabest
638 1021 829 1082 Titubantem
843 1021 989 1098 annisque
1002 1043 1144 1099 meroque
1263 1051 1289 1087 oo

316 1116 474 1175 Ruricolae
489 1133 595 1192 cepere
611 1117 750 1193 Phryges,
766 1116 957 1191 vinctumque
971 1117 1090 1176 coronis

316 1210 365 1268 Ad
380 1228 480 1286 regem
496 1209 605 1268 duxere
621 1208 736 1281 Midan,
751 1207 799 1268 cui
813 1209 958 1268 Thracius
974 1209 1114 1284 Orpheus
1159 1217 1163 1246 ¹

316 1301 408 1380 Orgia
422 1301 583 1360 tradiderat
597 1320 665 1360 cum
681 1302 828 1377 Cecropio
842 1302 999 1378 Eumolpo.

316 1394 376 1469 Qui
391 1395 478 1454 simul
493 1393 613 1472 agnovit
627 1393 739 1452 socium
753 1393 952 1470 comitemque
964 1414 1122 1468 sacrorum,

317 1487 455 1562 Hospitis
470 1487 599 1572 adventu
613 1486 718 1544 festum
733 1484 889 1564 genialiter
902 1488 963 1564 egit
1265 1514 1290 1551 os

317 1581 373 1638 Per
386 1579 433 1639 bis
448 1579 579 1655 quinque
594 1579 657 1638 dies
672 1589 702 1638 et
720 1580 838 1654 junctas
852 1571 957 1639 ordine
971 1591 1082 1639 noctes.

317 1674 356 1731 Et
374 1674 436 1748 jam
450 1672 600 1731 stellarum
615 1672 739 1730 sublime
754 1674 891 1750 coegerat
904 1692 1012 1750 agmen

316 1765 434 1824 Lucifer
447 1764 630 1837 undecimus
647 1765 747 1842 Lydos
762 1785 853 1841 quum
867 1766 961 1826 laetus
975 1765 1007 1824 in
1021 1785 1109 1844 agros

317 1861 385 1916 Rex
398 1857 486 1930 venit,
502 1867 533 1916 et
550 1857 652 1933 juveni
666 1857 797 1916 Silenum
811 1854 909 1916 reddit
922 1859 1049 1917 alumno.

317 1951 400 2009 Huic
414 1951 488 2009 deus
502 1951 625 2026 optandi
639 1961 762 2026 gratum,
778 1951 832 2009 sed
846 1949 957 2023 inutile,
973 1952 1042 2010 fecit
1257 1984 1292 2010 ιω

318 2043 453 2102 Muneris
467 2043 626 2115 arbitrium,
641 2042 776 2120 gaudens
790 2043 883 2102 altore
896 2055 1024 2120 recepto.

316 2136 383 2209 Ille,
398 2136 475 2194 male
490 2154 594 2194 usurus
609 2135 704 2208 donia,
720 2135 780 2196 ait:
801 2137 904 2210 Effice,
917 2136 1059 2213 quiequid

317 2229 451 2304 Corpore
465 2229 626 2306 contigero,
642 2228 753 2286 fulvum
768 2237 898 2288 vertatur
911 2229 942 2288 in
957 2250 1066 2288 aumm.

316 2321 432 2381 Annuit
448 2321 565 2398 optatis
582 2320 774 2397 nocituraque
788 2341 911 2382 munera
924 2323 1013 2383 solvit

317 2413 415 2487 Liber,
432 2424 461 2473 et
471 2415 597 2474 indoluit
612 2416 692 2490 quod
707 2434 768 2473 non
782 2415 905 2475 meliora
917 2417 1048 2493 petisset.
1063 2408 1065 2412 ἲ

317 2510 428 2573 Laetus
441 2508 503 2567 abit
517 2507 685 2584 gaudetque
699 2508 778 2566 malo
794 2509 984 2587 Berecyntius
998 2511 1094 2584 heros,

318 2600 505 2676 Pollicitique
520 2600 610 2658 fidem
624 2600 777 2677 tangendo
790 2600 907 2678 singula
920 2612 1023 2662 tentat.

240 2724 245 2731 ·
316 2693 435 2768 Vixque
450 2692 505 2751 sibi
520 2692 653 2765 credens',
670 2712 730 2752 non
744 2694 805 2753 alta
818 2695 923 2753 fronde
936 2696 1079 2756 virentem

318 2785 391 2844 Ilice
406 2785 532 2843 detraxit
546 2785 659 2862 virgam
669 2807 678 2859 3
698 2786 781 2863 virga
794 2806 883 2846 aurea
896 2788 975 2848 facta
988 2799 1042 2849 est.

317 2879 409 2937 Tollit
423 2878 512 2937 humo
527 2898 629 2937 saxum
641 2900 649 2953 3
670 2898 774 2937 saxum
788 2899 907 2956 quoque
920 2882 1025 2958 palluit
1039 2902 1110 2943 auro
1124 2907 1130 2943 :

318 2969 451 3049 Contigit
465 2981 496 3030 et
508 2972 627 3049 glebam
638 2994 646 3046 ;
666 2982 806 3031 contactu
818 2974 906 3049 gleba
919 2976 1035 3052 potenti

318 3066 421 3123 Massa
434 3064 467 3123 fit
481 3087 497 3123 :·
507 3073 624 3123 arentes
640 3065 758 3125 Cereris
771 3066 921 3143 decerpsit
934 3068 1039 3127 aristas
1050 3091 1059 3143 ;

317 3158 417 3215 Aurea
430 3156 534 3216 messis
552 3166 632 3216 erat:
652 3157 786 3217 demtum
800 3170 881 3218 tenet
894 3160 1000 3220 arbore
1013 3181 1153 3238 pomum,

318 3249 504 3325 Hesperidas
519 3250 648 3309 donasse
661 3260 748 3327 putes
762 3274 769 3309 z
789 3251 814 3311 si
828 3253 962 3327 postibus
976 3253 1044 3315 altis

317 3341 460 3401 Admovit
474 3341 591 3419 digitos,
606 3352 708 3419 postes
723 3344 838 3403 radiare
852 3345 997 3406 videntur.

318 3435 374 3493 Ille
388 3434 477 3495 etiam
491 3434 611 3510 liquidis
625 3437 739 3512 palmas
753 3436 805 3496 ubi
819 3438 929 3498 laverat
942 3440 1040 3515 undis,

317 3527 410 3587 Unda
424 3526 518 3586 fluens
533 3529 646 3604 palmas
661 3530 787 3588 Danaen
802 3524 921 3591 eludere
935 3544 1046 3609 posset

316 3621 376 3678 Vix
390 3640 460 3696 spes
475 3619 538 3697 ipse
553 3640 622 3680 suas
636 3622 735 3681 animo
749 3623 838 3699 capit,
853 3644 942 3685 aurea
954 3626 1072 3705 fingens

290 3748 292 3753 ·
318 3712 434 3774 Omnia.
480 3714 629 3773 Gaudenti
643 3734 762 3775 mensas
779 3735 905 3792 posuere
918 3717 1052 3793 ministri,

318 3808 491 3866 Exstructas
507 3806 633 3882 dapibus
648 3826 704 3866 nec
718 3818 814 3869 tostae
828 3810 920 3888 frugis
935 3823 1064 3889 egentes

317 3900 395 3958 Tum
409 3918 480 3959 vero
495 3899 558 3959 sive
573 3900 622 3959 ille
637 3920 691 3961 sua
706 3902 842 3964 Cerealia
856 3904 961 3965 dextra
987 3917 990 3923 ’
