3017 4700
575 425 732 469 autumnos
752 425 811 468 Lm.
833 425 874 468 VI.

238 569 395 649 Egregium
408 568 504 630 forma
514 570 654 647 juvenem
669 580 700 630 et
713 570 894 649 fulgentibus
908 569 1005 644 armis,

238 664 297 724 Sed
311 664 393 722 frons
407 664 486 722 laeta
499 681 612 740 parum,
627 674 659 722 et
672 663 792 739 dejecto
807 664 919 724 lumina
932 665 1033 724 vultu:

238 758 323 832 Quis,
338 766 431 834 pater,
446 756 505 828 ille,
520 755 614 814 virum
629 755 681 832 qui
695 755 739 815 sic
753 756 911 816 comitatur
923 757 1064 816 euntem?

178 857 184 869 ‘
238 851 337 924 Filius,
353 868 431 909 anne
445 848 553 925 aliquis
566 867 675 925 magna
688 848 727 907 de
741 840 833 925 stirpe
848 851 1012 926 nepotum?

237 943 313 1017 Quis
328 941 469 1020 strepitus
481 942 561 1002 circa
574 941 736 1000 comitum!
759 951 901 1017 quantum
916 942 1009 1001 instar
1023 942 1053 1000 in
1068 940 1150 1019 ipso!
1179 955 1215 1004 8⁶5

239 1036 299 1096 Sed
314 1055 375 1095 nox
388 1045 453 1094 atra
466 1044 556 1112 caput
570 1033 646 1094 tristi
659 1033 854 1094 circumvolat
867 1034 978 1094 umbra

237 1130 315 1188 Tum
329 1139 414 1206 pater
427 1128 584 1201 Anchises,
600 1126 730 1187 lacrimis
744 1127 896 1206 ingressus
910 1127 1042 1188 obortis:

237 1223 266 1283 Ο
281 1232 359 1295 nate,
374 1221 526 1300 ingentem
540 1220 653 1281 luctum
667 1239 707 1280 ne
721 1239 830 1298 quaere
845 1230 962 1280 tuorum
974 1243 983 1296 ;

239 1316 409 1377 Ostendent
423 1313 509 1374 terris
522 1314 602 1374 hunc
615 1323 732 1374 tantum
746 1314 816 1387 fata,
829 1332 926 1390 neque
940 1315 1017 1373 ultra

239 1411 315 1468 Esse
330 1407 436 1467 sinent
480 1408 614 1467 Nimium
628 1406 715 1467 vobis
730 1408 869 1466 Romana
882 1426 1016 1486 propago
1181 1426 1218 1475 εγ»
1290 1421 1296 1432 ’

237 1498 311 1558 Visa
324 1509 439 1575 potens,
454 1498 566 1576 Superi,
582 1497 703 1576 propria
716 1498 792 1557 baec
805 1498 831 1558 si
846 1498 927 1557 dona
939 1498 1073 1558 fuissent

238 1591 374 1665 Quantos
387 1592 438 1651 ille
453 1591 548 1651 virum
562 1611 702 1671 magnam
717 1591 863 1652 Mavortis
878 1591 917 1650 ad
927 1591 1032 1650 urbem
1127 1605 1160 1655 lu
1174 1611 1265 1656 tectu
1278 1589 1353 1641 *22¹⁵
1369 1595 1398 1632 θ’
1408 1601 1432 1636 ¹³³
1448 1624 1450 1630 ,
1472 1613 1475 1622 ¹

240 1687 371 1763 Campus
385 1696 454 1764 aget
466 1686 612 1764 gemitus!
633 1686 681 1745 vel
696 1704 782 1762 quae,
797 1685 947 1758 Tiberine,
962 1685 1079 1746 videbis

237 1780 362 1851 Funera,
379 1798 470 1855 quum
484 1779 631 1838 tumulum
644 1778 865 1855 praeterlabere
879 1782 1048 1838 recentem!

237 1871 304 1929 Nec
317 1887 391 1947 puer
405 1869 498 1929 Iliaca
512 1868 670 1945 quisquam
684 1870 722 1928 de
735 1877 826 1946 gente
842 1868 965 1928 Latinos
1181 1884 1217 1933 ⁸7⁵

237 1965 275 2021 In
289 1972 405 2022 tantum
419 1981 474 2038 spe
488 1962 574 2020 tollet
588 1980 669 2034 avos,
685 1978 741 2021 nec
757 1962 887 2042 Romula
901 1960 1054 2038 quondam

237 2055 311 2114 Ullo
326 2073 359 2114 se
373 2063 489 2114 tantum
505 2054 592 2113 tellus
605 2053 730 2129 jactabit
744 2054 873 2113 alumno.

237 2149 310 2207 Heu
323 2146 428 2224 pietas,
444 2148 503 2206 heu
516 2145 615 2224 prisca
628 2146 714 2219 fides,
730 2146 900 2223 invictaque
914 2146 994 2207 bello

236 2241 386 2300 Dextera!
428 2241 500 2299 Non
514 2239 557 2298 illi
573 2257 606 2298 se
620 2239 779 2315 quisquam
794 2239 915 2316 impune
930 2241 1046 2301 tulisset

236 2334 351 2396 Obvius
367 2343 489 2409 armato,
506 2352 560 2393 seu
573 2352 666 2410 quum
680 2333 775 2411 pedes
789 2333 845 2394 iret
859 2333 889 2393 in
904 2334 1031 2409 hostem,

236 2431 295 2489 Seu
310 2427 476 2506 spumantis
490 2426 560 2503 equi
574 2426 690 2487 foderet
704 2427 870 2487 calcaribus
884 2447 991 2488 armos.

237 2524 318 2596 Heu,
335 2521 504 2581 miserande
518 2524 610 2598 puerl
632 2520 657 2580 si
673 2540 732 2598 qua
745 2522 806 2580 fata
820 2540 925 2597 aspera
938 2541 1067 2600 rumpas,

235 2615 283 2672 Tu
297 2611 459 2672 Marcellus
473 2612 539 2671 eris.
583 2611 726 2671 Manibus
740 2611 810 2671 date
824 2611 886 2671 lilia
899 2612 1005 2690 plenis,

236 2709 403 2784 Purpureos
417 2724 554 2784 spargam
567 2704 665 2777 flores,
681 2705 870 2782 animamque
885 2707 1004 2783 nepotis

237 2800 296 2860 His
310 2801 416 2861 saltem
429 2798 615 2859 accumulem
629 2797 727 2871 donis,
743 2807 774 2858 et
787 2797 895 2877 fungar
905 2798 987 2858 inani

230 2896 371 2977 Munere.
384 2928 424 2936 —
433 2892 482 2953 Sic
495 2902 560 2952 tota
572 2893 685 2970 passim
698 2892 821 2971 regione
834 2904 979 2972 vagantur

237 2987 324 3046 Aeris
338 2986 369 3046 in
383 2986 497 3063 campis
511 2985 586 3059 latis,
601 2996 691 3063 atque
706 2986 808 3046 omnia
821 2987 954 3046 lustrant.

236 3080 322 3154 Quae
337 3089 497 3156 postquam
511 3079 661 3139 Anchises
676 3088 779 3138 natum
792 3098 846 3157 per
859 3078 975 3158 singula
989 3078 1081 3155 duxit,

236 3172 435 3249 Incenditque
450 3171 583 3234 animum
597 3171 694 3232 famae
709 3171 858 3232 venientis
873 3191 981 3247 amore,

237 3266 313 3324 Exin
327 3266 407 3325 bella
419 3265 483 3325 viro
499 3275 645 3325 memorat
659 3284 736 3343 quae
750 3265 862 3325 deinde
876 3267 1016 3343 gerenda,

154 3425 157 3430 ‚
236 3360 460 3435 Laurentesque
474 3358 565 3419 docet
577 3360 706 3436 populos
719 3359 885 3436 urbemque
900 3360 1008 3433 Latini,

236 3456 275 3513 Et
289 3472 349 3529 quo
364 3470 514 3529 quemque
527 3452 619 3512 modo
633 3452 787 3531 firgiatque
801 3452 935 3530 feratque
950 3454 1089 3513 laborem.

275 3549 349 3607 Sunt
362 3546 499 3624 geminae
513 3543 616 3605 Somni
630 3556 743 3623 portae,
759 3565 883 3623 quarum
897 3548 990 3606 altera
1004 3546 1095 3606 fertur

236 3641 361 3713 Cornea,
377 3658 438 3716 qua
449 3638 528 3699 veris
542 3637 637 3698 facilis
652 3638 739 3698 datur
752 3639 848 3699 enims
863 3639 987 3699 Umbris
1000 3660 1009 3713 3

236 3734 339 3792 Altera
352 3732 494 3792 candenti
507 3732 638 3810 perfecta
651 3731 752 3791 nitens
766 3733 935 3809 elephant0,

236 3826 297 3885 Sed
312 3825 386 3886 falsa
398 3826 437 3885 ad
451 3827 568 3887 coelum
583 3825 704 3885 mittunt
717 3823 867 3885 insomnia
881 3827 996 3885 Manes.
