3017 4700
599 390 709 448 118
1224 403 1276 446 P.
1318 402 1585 446 VIRGILII
1626 403 1908 447 MARoms

593 551 738 610 Ulla
765 559 986 624 tenent,
1017 568 1171 608 unco
1200 568 1321 609 non
1351 549 1550 626 alligat
1576 568 1792 609 ancora
1819 566 2032 608 morsu.

595 645 738 702 Huc
766 651 992 719 septem
1023 644 1257 701 Aeneas
1287 641 1552 701 collectis
1582 641 1830 701 navibus
1859 640 2023 700 omni
2471 673 2542 710 170

594 737 685 794 Ex
712 755 958 795 numero
987 734 1145 794 subit
1170 758 1187 809 3
1227 755 1298 794 ac
1326 755 1544 813 magno
1571 734 1794 794 telluris
1823 753 2024 796 amore

596 829 834 906 Egressi
862 838 1073 908 optata·
1092 829 1399 904 potiuntur
1426 831 1618 888 Troes
1647 847 1826 888 arena

595 922 673 980 Et
701 921 823 980 sale
852 921 1125 980 tabentes
1156 930 1317 980 artus
1347 921 1405 980 in
1437 920 1606 980 litore
1635 931 1883 998 ponunt.

596 1016 687 1073 Ac
715 1012 967 1090 primum
997 1012 1145 1073 silici
1175 1013 1492 1072 scintillam
1523 1015 1762 1074 excudit
1790 1015 2050 1074 Achates

593 1106 986 1182 Succepitque
1017 1105 1214 1183 ignem
1242 1105 1397 1165 foliis
1426 1116 1605 1182 atque
1633 1105 1797 1166 arida
1824 1107 2044 1166 circum
2473 1137 2543 1174 ¹7⁵

596 1200 653 1256 N
656 1198 973 1258 utrimenta
1001 1198 1169 1257 dedit
1194 1199 1505 1274 rapuitque
1536 1199 1597 1256 in
1626 1199 1830 1258 fomite
1858 1198 2174 1258 flammam.

594 1293 751 1349 Tum
780 1293 1058 1351 Cererem
1088 1300 1423 1368 corruptam
1451 1291 1628 1350 undis
1659 1291 2045 1366 Cerealiaque
2072 1309 2234 1350 arma

596 1383 938 1461 Expediunt
964 1383 1104 1445 fessi
1132 1402 1342 1456 rerum,
1375 1383 1687 1462 frugesque
1716 1394 1984 1461 receptas

596 1476 675 1534 Et
703 1483 922 1533 torrere
951 1483 1166 1550 parant
1193 1473 1444 1533 flammis
1474 1483 1534 1532 et
1559 1474 1828 1552 frangere
1861 1493 2017 1532 saxo,

678 1569 919 1626 Aeneas
949 1566 1261 1642 scopulum
1291 1566 1518 1625 interea
1545 1565 1898 1626 conscendit
1926 1577 2252 1651 etomnem
2475 1587 2546 1626 180

598 1662 982 1735 Prospectum
1011 1659 1129 1717 late
1157 1659 1370 1736 pelago
1397 1661 1563 1735 petit,
1594 1661 1835 1719 Anthea
1863 1660 1914 1718 si
1943 1678 2120 1735 quem
2151 1653 2154 1657 ’

596 1754 893 1828 Jactatum
920 1761 1101 1811 vento
1123 1751 1331 1831 'videat
1360 1753 1759 1830 Phrygiasque
1787 1753 2062 1826 biremes,

599 1847 724 1904 Aut
753 1846 980 1922 Capyn,
1012 1854 1115 1904 aut
1140 1845 1317 1905 celsis
1348 1845 1405 1902 in
1436 1845 1737 1921 puppibus
1766 1864 1930 1904 arma
1959 1832 2293 1926 (ἰοῖσίν
2379 1891 2386 1898 .

599 1939 831 1996 Navem
859 1936 920 1995 in
948 1948 1281 2015 conspectu·
1304 1939 1545 2011 nullam,
1577 1948 1698 1997 tres
1726 1938 1898 1997 litore
1928 1957 2133 1997 cervos

601 2030 893 2106 Prospicit
920 2041 1179 2090 errantes
1202 2053 1220 2105 3
1260 2031 1372 2090 hos
1400 2041 1528 2090 tota
1557 2041 1820 2090 armenta
1848 2041 2174 2105 sequuntur
2475 2049 2544 2098 185

601 2125 657 2180 A
685 2133 872 2202 tergo,
904 2133 966 2182 et
993 2124 1234 2200 longum
1261 2142 1369 2200 per
1395 2124 1582 2183 valles
1609 2124 1870 2200 pascitur
1899 2143 2127 2202 agmen.

602 2217 884 2276 Constitit
911 2215 1025 2290 hic,
1057 2236 1375 2292 arcumque
1404 2236 1583 2275 manu
1612 2218 1952 2292 celeresque
1982 2216 2226 2295 sagittas

602 2309 917 2388 Corripuit,
952 2311 1107 2370 fidus
1138 2328 1288 2386 quae
1317 2310 1435 2369 tela
1462 2309 1706 2387 gerebat
1735 2310 2014 2382 AchateS‚

601 2405 1015 2480 Ductoresque
1044 2403 1206 2479 ipsos
1235 2402 1507 2482 primum,
1539 2403 1735 2479 capita
1762 2403 1881 2461 alta
1908 2403 2162 2463 ferentes

602 2496 901 2555 Cornibus
930 2496 1209 2568 arboreiS,
1242 2496 1468 2568 sternit,
1500 2505 1626 2554 tum
1654 2496 1878 2571 vulguS,
1912 2505 1972 2555 et
1999 2516 2237 2555 omnem
2479 2524 2551 2565 190

604 2589 824 2661 Miscet
852 2608 1034 2666 agens
1063 2590 1197 2648 telis
1228 2608 1471 2648 nemora
1498 2589 1652 2647 inter
1679 2588 1930 2647 frondea
1956 2589 2190 2648 turbam
2215 2612 2232 2664 3
2276 2602 2285 2610 “

604 2683 661 2739 N
668 2700 736 2740 ec
764 2680 923 2758 prius
953 2682 1200 2755 absistit,
1234 2700 1411 2757 quam
1442 2690 1672 2758 septem
1699 2681 1963 2759 ingentia
1989 2682 2178 2741 victor
2384 2753 2395 2767 ᾖ

605 2776 872 2851 Corpora
899 2775 1107 2834 fundat
1136 2775 1298 2833 humi
1328 2786 1388 2834 et
1416 2793 1727 2834 numerum
1755 2794 1889 2834 cum
1920 2774 2168 2835 navibus
2197 2787 2425 2853 aequet.

606 2868 772 2926 Hinc
799 2878 1033 2944 portum
1060 2868 1227 2944 petit,
1257 2878 1318 2927 et
1346 2866 1541 2926 socios
1570 2868 1817 2945 partitur
1845 2867 1907 2925 in
1936 2886 2162 2927 omnes.

603 2962 761 3020 Vina
788 2962 983 3021 bonus
1013 2980 1165 3038 quae
1193 2962 1413 3020 deinde
1442 2960 1608 3020 cadis
1636 2971 1910 3020 onerarat
1938 2962 2192 3021 Acestes
2482 2991 2556 3030 19⁵

605 3055 806 3114 Litore
834 3055 1534 3130 Trinacrio‘dederatque
1564 3052 1919 3113 abeuntibus
1947 3054 2142 3128 herm,

606 3147 851 3221 Dividit,
884 3157 943 3207 et
971 3148 1145 3206 dictis
1173 3147 1497 3207 maerentia
1523 3154 1766 3224 pectora
1793 3145 2013 3206 mulcet
2041 3169 2052 3206 :

684 3242 739 3301 O
770 3241 933 3313 socii,
954 3275 1038 3283 —-
1057 3259 1253 3316 neque
1283 3241 1442 3299 enim
1470 3239 1658 3318 ignari
1687 3257 1886 3298 sumus
1915 3250 2053 3299 ante
2083 3240 2374 3320 malorum
2395 3276 2476 3310 ,-,-

606 3334 662 3394 O
690 3332 850 3410 passi
876 3333 1161 3411 graviora,
1194 3332 1359 3391 dabit
1385 3334 1534 3392 deus
1563 3331 1656 3391 his
1685 3330 1921 3408 quoque
1948 3334 2143 3393 finem.

604 3428 733 3485 Vos
763 3436 823 3485 et
852 3426 1179 3502 Scyllaeam
1204 3425 1433 3510 'rabiem
1459 3425 1818 3501 penitusque
1848 3434 2131 3484 sonantes
2483 3452 2556 3479 κω

606 3517 879 3578 Accestis
908 3518 1206 3592 scopulos,
1236 3535 1345 3575 vos
1374 3527 1434 3575 et
1464 3517 1751 3595 Cyclopia
1779 3535 1920 3577 saxa

610 3611 848 3684 Efflerti
876 3632 884 3664 τ
932 3618 1201 3669 revocate
1230 3608 1476 3681 animm,
1508 3619 1915 3685 maestumque
1943 3610 2215 3669 timorem

612 3704 828 3760 hinnite
856 3727 864 3760 :
908 3704 1108 3761 forsan
1136 3712 1195 3761 et
1223 3703 1370 3760 haec
1398 3700 1540 3761 olim
1569 3701 1908 3761 meminisse
1945 3703 2190 3778 juvabit.

616 3796 724 3852 Fer
752 3796 944 3852 varios
971 3813 1161 3868 casuS,
1192 3812 1301 3872 per
1331 3803 1419 3855 tot
1447 3793 1790 3854 discrimina
1816 3813 2010 3854 rerum
