3017 4700
334 395 391 435 120
648 390 674 435 P.
696 390 830 436 VIRGILII
852 392 994 437 MARONIS

332 534 510 612 Insequitur.
554 535 652 609 Quem
667 536 720 596 das
734 537 835 610 finem,
851 556 903 598 rex
916 557 1031 616 magne,
1047 538 1204 604 laborum?

331 631 468 688 Antenor
481 627 586 706 potuit,
601 629 708 689 mediis
721 631 842 707 elapsus
856 630 987 705 Achivis,

332 721 469 800 Illyricos
482 730 637 798 penetrare
650 722 732 783 sinus
746 733 836 799 atque
852 723 956 783 intima
970 733 1048 784 tutus

205 890 209 901 ‚
230 839 234 846 =
332 817 439 893 Regna
452 814 659 888 Liburnorum,
674 823 705 875 et
718 815 834 875 iontem
848 835 987 892 superare
1001 817 1125 891 Timavi,

171 928 196 969 'r
230 962 237 1000 -,
332 909 424 968 Unde
439 926 559 984 perora
573 926 680 968 novem
693 919 780 968 vasto
794 927 862 968 curn
876 928 1022 970 murmure
1036 911 1147 972 montis
1269 941 1305 978 245

332 1003 361 1060 It
374 1019 456 1060 mare
469 1011 643 1077 proruptum
658 1010 688 1062 et
701 1002 810 1079 pelago
824 1003 931 1079 premit
944 1022 1013 1062 arva
1027 1004 1152 1064 sonanti.

228 1140 233 1150 ,
333 1093 394 1153 Hic
410 1104 511 1152 tamen
525 1093 576 1152 ille
590 1094 694 1153 urbem
708 1094 812 1154 Patavi
825 1095 973 1171 sedesque
987 1095 1095 1156 locavit
1163 1155 1169 1167 ,

330 1188 525 1260 Teucrorum,
540 1197 571 1245 et
583 1187 666 1264 genti
680 1206 790 1247 nomen
805 1187 889 1247 dedit
901 1207 1041 1264 annaque
1055 1189 1118 1268 fixit

216 1280 237 1305 '²
331 1281 431 1354 Troia,
446 1299 526 1340 nunc
539 1279 658 1356 placida
671 1290 845 1356 compostus
858 1299 933 1357 pace
948 1281 1077 1356 quiescit
1088 1304 1113 1358 :s

224 1362 235 1383 ⁴
332 1375 398 1432 Nos
412 1382 463 1432 tua
476 1371 642 1450 progenies,
658 1370 736 1432 coeli
749 1371 857 1448 quibus
871 1374 978 1434 adnuis
993 1393 1100 1448 arcem,
1270 1403 1306 1440 ψ

216 1525 219 1533 ,
332 1465 677 1526 Navibus-infandum
689 1466 878 1540 i-amissis‚
894 1466 981 1527 unius
995 1467 1035 1527 ob
1050 1466 1123 1528 iram

196 1552 200 1562 '
215 1556 229 1594 ·“·
331 1558 488 1618 Prodimur
501 1567 591 1633 atque
605 1558 691 1618 Italis
704 1558 793 1636 longe
806 1558 1003 1637 disjungimur
1016 1561 1083 1621 oris.

332 1653 395 1712 Hic
408 1651 528 1728 pietatis
542 1652 660 1711 honos?
680 1651 724 1712 sic
739 1652 972 1740 rip-sinnscqrtra
985 1653 1124 1732 reponis?

372 1745 434 1804 Olli
448 1743 604 1804 subridens
617 1743 863 1806 hominumsator
878 1756 967 1822 atque
982 1746 1104 1806 deorum

330 1837 433 1910 Vultu,
449 1856 509 1913 quo
523 1838 640 1896 coelum
654 1847 907 1914 tempestatesque
921 1850 1047 1913 serenat,

332 1931 446 1992 Oscula
458 1929 561 1989 libavit
574 1939 669 2003 natae,
684 1930 794 1990 dehinc
808 1931 879 1991 talia
892 1931 969 1990 satur
982 1953 989 1990 ε

331 2026 425 2083 Parce
439 2033 529 2096 metu,
545 2023 701 2100 Cytherea,
716 2033 839 2084 manent
853 2024 975 2084 irnrnota
988 2035 1105 2084 tuorum

331 2117 406 2176 Fata
419 2115 492 2177 tibi:
512 2134 616 2176 cernes
629 2115 733 2175 urbem
747 2126 778 2175 et
790 2116 936 2193 promissa
950 2117 1056 2177 Lavini

330 2210 463 2283 Moenia,
478 2209 695 2285 sublimemque
709 2209 786 2270 feres
800 2210 838 2270 ad
853 2209 951 2270 sidera
964 2210 1041 2270 coeli

331 2302 556 2382 Magnanimum
570 2305 696 2365 Aenean
708 2324 717 2377 3
737 2322 835 2380 neque
849 2321 897 2363 me
912 2303 1059 2365 sententia
1072 2303 1166 2365 vertit
1269 2316 1305 2355 2⁶0

330 2398 393 2457 Hic
407 2397 461 2457 tibi
470 2431 512 2441 -
522 2397 607 2457 fabor
620 2398 709 2471 enim,
723 2397 846 2473 quando
859 2398 934 2457 haec
947 2407 977 2457 te
991 2416 1061 2457 cura
1074 2396 1230 2470 remordet,

330 2489 464 2568 Longius
478 2499 507 2551 et
520 2490 643 2550 volvens
657 2490 783 2551 latonam
797 2482 906 2550 arca'na
919 2490 1046 2550 movebo
1054 2524 1095 2534 -

331 2583 446 2641 Bellum
461 2583 566 2660 ingens
579 2593 662 2661 geret
677 2583 765 2643 Italia
778 2583 964 2661 populosque
978 2584 1091 2643 feroces
1200 2622 1203 2629 ·

331 2675 513 2748 Contundet,
528 2694 686 2753 moresque
700 2676 771 2736 viris
785 2687 816 2736 et
830 2675 947 2736 moenia
960 2686 1061 2753 ponet,
1177 2699 1190 2738 r

330 2767 433 2827 Tertia
446 2768 518 2827 dum
533 2768 619 2828 Latio
633 2779 808 2848 regnantem
822 2769 929 2828 viderit
943 2778 1048 2841 aestas,
1267 2781 1304 2829 2⁶⁵

330 2862 488 2937 Temaque
502 2860 670 2921 transierint
684 2862 805 2922 Rutulis
819 2862 944 2921 hiberna
957 2861 1096 2921 subactis.

331 2956 373 3013 At
386 2972 460 3030 puer
474 2954 630 3029 Ascanius,
645 2955 694 3015 cui
708 2974 788 3016 nunc
802 2973 970 3033 cognomen
986 2955 1053 3015 Iulo

328 3046 467 3119 Additur,
477 3048 590 3107 -Ilus
604 3057 674 3121 erat,
690 3048 763 3108 dum
777 3066 824 3107 res
838 3047 921 3108 stetit
935 3047 992 3107 Ilia
1005 3065 1147 3125 regno-
1258 3088 1259 3093 κ

329 3139 467 3215 Triginta
480 3159 605 3219 magnos
619 3142 776 3201 volvendis
790 3140 943 3201 mensibus
957 3141 1044 3200 orbes

331 3232 461 3308 Imperio
477 3234 616 3310 explebit,
632 3250 817 3312 regnumque
830 3233 870 3293 ab
884 3233 956 3293 sede
970 3231 1075 3291 Lavini
1267 3253 1304 3291 2⁷0
1488 3218 1494 3261 3

329 3326 508 3401 Transferet,
524 3338 554 3387 et
568 3328 688 3406 longam
701 3328 795 3387 multa
807 3327 837 3385 vi
851 3327 964 3387 muniet
978 3326 1095 3385 Albam.
1097 3371 1122 3431 s
1397 3313 1401 3319 ’

330 3418 393 3478 Hic
410 3418 472 3497 jam
486 3429 531 3478 ter
545 3429 665 3479 centum
679 3429 760 3480 totos
773 3419 942 3497 regnabitur
956 3438 1052 3479 annos

330 3512 429 3571 Gente
444 3511 499 3571 sub
514 3514 674 3586 Hectorea,
689 3514 789 3573 donec
802 3512 905 3591 regina
918 3513 1058 3573 sacerdos
1070 3532 1077 3542 ·

330 3604 429 3663 Marte
443 3603 539 3682 gravis
552 3604 701 3681 geminam
714 3615 802 3682 partu
815 3605 898 3665 dabit
913 3604 969 3664 Ilia
981 3606 1104 3682 prolem.

330 3697 408 3756 Inde
423 3697 511 3774 lupae
525 3697 607 3757 fulvo
621 3698 744 3758 nutricis
757 3697 888 3776 tegmine
902 3696 996 3757 laetus

330 3789 477 3850 Romulus
491 3789 619 3869 excipiet
630 3800 762 3870 gentem,
777 3800 807 3852 et
822 3790 970 3851 Mavortia
983 3790 1093 3851 condet
