3017 4700
295 410 333 472 50
628 407 653 454 r.
675 409 776 455 ovrnu
797 409 932 456 ursonis

296 557 415 633 Oraque
430 556 565 618 caerulea
578 556 704 634 patrium
718 556 878 617 clamantia
890 574 1001 616 nomen

296 649 489 727 Excipiuntur
502 670 587 727 aqua,
603 669 679 727 quae
694 669 805 710 nomen
819 649 907 710 traxit
920 650 958 709 ab
972 647 1032 709 illo.

294 747 335 803 At
349 754 432 820 pater
445 743 553 818 infelix,
570 763 625 804 nec
638 745 700 820 jam
713 754 806 821 pater,
822 745 907 806 Icare
918 746 929 823 l·
946 741 1028 816 dixit,

295 839 388 910 Icare,
405 836 486 910 dixit,
501 837 553 897 ubi
567 839 618 897 es?
660 837 728 912 Qua
742 848 772 896 te
786 835 905 913 regione
918 834 1075 913 requiram,

296 931 397 989 lcare!
419 929 555 990 dicebat:
577 949 690 1006 pennas
704 928 860 1006 conspexit
873 928 906 987 in
919 928 1015 1003 undis,

296 1023 483 1099 Devovitque
498 1042 566 1082 suas
580 1033 664 1096 artes,
677 1039 844 1098 corpusque
859 1023 994 1100 sepulcro

296 1115 457 1189 Condidit;
477 1126 507 1176 et
521 1116 607 1176 tellus
622 1135 640 1176 a
653 1115 776 1175 nomine
790 1115 870 1176 dicta
883 1115 999 1192 sepulti

393 1220 413 1257 a
554 1217 572 1256 s
710 1217 729 1255 r
869 1220 889 1257 a
1028 1219 1048 1256 a

416 1304 567 1362 Immensa
581 1312 625 1362 est
640 1303 789 1379 finemque
803 1302 938 1380 potentia
951 1300 1028 1361 coeli

296 1397 366 1454 Non
381 1395 479 1468 habet,
496 1407 526 1455 et
541 1394 681 1471 quicquid
696 1395 793 1473 superi
807 1396 934 1468 voluere,
950 1405 1101 1472 peractum
1116 1403 1168 1452 est.
1245 1423 1268 1448 20

295 1489 424 1564 Quoque
439 1487 536 1547 minus
551 1487 677 1562 dubites,
692 1488 772 1549 tiliae
786 1488 970 1549 contermina
983 1506 1108 1564 quercus

296 1580 431 1642 Collibus
446 1589 492 1640 est
507 1580 648 1659 Phrygiis,
664 1581 784 1641 modico
799 1581 980 1642 circumdata
992 1599 1083 1639 muro.

297 1677 365 1750 Ipse
380 1675 480 1733 locum
494 1673 572 1734 vidi:
594 1693 663 1734 nam
677 1693 726 1734 me
741 1675 883 1752 Pelopeia
898 1674 1034 1734 Pittheus

297 1765 380 1825 Misit
395 1765 424 1824 in
439 1785 517 1840 arva,
533 1787 588 1827 suo
603 1768 754 1844 quondam
769 1779 890 1845 regnata
903 1766 1026 1844 parenti.

1230 679 1268 716 23⁰

297 1859 390 1918 Haud
404 1861 508 1936 procul
523 1861 592 1920 hinc
607 1872 752 1940 stagnum,
768 1862 855 1921 tellus
868 1859 1039 1921 habitabilis
1054 1858 1144 1933 olim,
1245 1889 1255 1914 2

297 1955 326 2012 N
328 1972 386 2012 unc
400 1954 531 2014 celebres
546 1954 651 2031 mergis
665 1953 819 2030 fulicisque
834 1953 1013 2031 palustribus
1027 1953 1133 2013 undae.

229 2110 235 2120 ,
297 2045 411 2123 Jupiter
425 2047 483 2106 huc
498 2047 596 2125 specie
610 2048 734 2122 mortali,
750 2066 879 2124 cumque
892 2056 1015 2124 parente

297 2139 388 2199 Venit
402 2139 588 2200 Atlantiades
602 2140 707 2217 positis
720 2139 872 2200 caducifer
884 2140 946 2200 alis.

298 2232 384 2292 Mille
397 2233 504 2293 domos
519 2233 625 2306 adiere,
641 2235 739 2294 locum
754 2234 945 2310 requiemque
960 2242 1097 2310 petentes
1105 2253 1113 2305 ;

298 2325 383 2386 Mille
399 2327 506 2387 domos
520 2328 650 2387 clausere
666 2346 754 2387 serae.
798 2327 914 2386 Tamen
927 2345 988 2385 una
1001 2324 1119 2403 recepit,

298 2422 391 2478 Parva
405 2420 535 2496 quidem,
550 2420 665 2497 stipulis
680 2431 710 2480 et
724 2438 820 2479 canna
834 2430 913 2479 tecta
926 2420 1067 2496 palustri,

298 2513 356 2572 Sed
370 2510 419 2589 pia
434 2512 540 2572 Baucis
554 2532 627 2572 anns
642 2512 785 2590 parilique
800 2523 896 2573 aetate
914 2512 1070 2573 Philemon
1156 2565 1160 2572 .

298 2606 355 2665 Illa
370 2616 438 2664 sunt
451 2605 536 2664 anuis
548 2605 643 2681 juncti
658 2604 846 2681 juvenilibus,
862 2605 912 2665 illa

298 2700 489 2758 Consenuere
503 2717 581 2771 casa,
597 2708 861 2775 paupertatemque
874 2698 997 2759 fatendo

299 2792 430 2851 Effecere
445 2792 539 2850 levem
555 2810 611 2851 nec
625 2791 726 2867 iniqua
741 2801 839 2851 mente
854 2792 1013 2851 ferendam.

298 2885 327 2942 N
330 2903 364 2943 ec
378 2885 474 2957 refert,
490 2883 630 2943 dominos
641 2883 704 2943 illic
718 2886 884 2944 famulosne
898 2884 1047 2961 requiras:

298 2978 377 3036 Tota
390 2977 497 3036 domus
512 2977 572 3036 duo
588 2987 664 3051 sunt,
679 2977 759 3037 idem
774 2990 936 3055 parentque
948 2979 1121 3054 jubentque.

299 3071 377 3146 Ergo
391 3068 443 3129 ubi
457 3070 618 3130 coelicolae
632 3064 739 3147 parvos
754 3070 874 3148 tetigere
889 3082 1020 3148 penates,

298 3161 512 3239 Submissoque
527 3163 653 3223 humiles
668 3163 813 3224 intrarunt
826 3164 933 3223 vertice
948 3175 1059 3241 postes,

299 3256 438 3315 Membra
452 3274 542 3315 senex
556 3256 655 3333 posito
666 3256 754 3337 jussit
768 3258 896 3316 relevare
911 3256 1005 3330 sedili,

299 3348 368 3421 Quo
384 3348 573 3425 superinjecit
589 3359 700 3409 textum
715 3350 788 3409 rude
803 3350 906 3409 sedula
921 3349 1034 3409 Baucis.

186 3466 195 3475 ·
300 3441 376 3499 Inde
391 3441 459 3500 foco
474 3441 607 3518 tepidum
622 3440 751 3501 cinerem
767 3442 899 3516 dimovit,
914 3454 945 3502 et
959 3442 1044 3520 ignes

299 3532 426 3593 Suscitat
440 3534 604 3607 hestemos‚
621 3534 758 3611 foliisque
772 3546 802 3595 et
815 3536 925 3596 cortice
939 3536 1021 3596 sicco

300 3626 408 3699 Nutrit,
424 3637 454 3685 et
468 3627 507 3686 ad
521 3625 655 3686 flammas
670 3628 770 3686 anima
783 3628 920 3705 producit
934 3627 1013 3701 anili,

300 3718 523 3797 Multifidasque
537 3720 617 3779 faces
631 3720 810 3797 ramaliaque
825 3722 906 3781 arida
920 3731 1000 3781 tecto

300 3811 422 3886 Detulit,
438 3823 468 3872 et
482 3810 586 3873 minuit
600 3832 750 3891 parvoque
765 3814 897 3875 admovit
910 3814 1028 3888 ahen03
