3017 4700
519 495 522 502 -
546 473 726 518 caonolcou
748 467 807 516 Lm.
830 473 862 518 11.
1138 473 1191 532 107

225 619 283 681 Sed
297 618 388 680 trudit
400 637 533 698 gemmas
547 629 578 679 et
590 620 710 680 frondes
725 618 852 696 explieat
866 636 979 680 omnes.
1158 643 1194 682 aas

223 716 292 773 Non
306 711 380 772 alios
394 711 488 789 prima
501 712 663 772 crescentis
677 711 790 790 origine
804 711 908 771 mundi

223 806 359 865 Illuxisse
374 805 439 864 dies
453 805 579 865 aliumve
593 805 733 865 habuisse
748 815 883 864 tenorem

222 895 422 959 Crediderim:
442 917 493 958 ver
507 898 580 957 illud
592 906 665 972 erat,
680 917 733 970 ver
746 917 871 976 magnus
884 897 989 974 agebat

222 991 318 1064 Orbis,
334 1000 364 1050 et
377 989 509 1050 hibernis
522 991 684 1068 parcebant
697 991 816 1050 flatibus
832 990 902 1050 Euri
915 1012 921 1050 ε

222 1084 322 1158 Quum
335 1083 446 1160 primae
460 1084 556 1142 lucem
571 1084 702 1161 pecudes
716 1084 849 1156 hausere,
865 1083 1018 1162 virumque
1161 1109 1197 1148 ψ

221 1178 328 1235 Ferrea
341 1177 497 1254 progenies
511 1176 592 1236 duris
606 1187 695 1252 caput
709 1176 812 1236 extulit
827 1175 914 1250 arvis,

223 1269 435 1344 Immissaeque
449 1269 528 1328 ferae
542 1270 623 1328 silvis
638 1279 668 1328 et
682 1269 780 1328 sidera
796 1269 888 1328 coelo.

222 1363 288 1421 Nec
300 1381 348 1420 res
363 1363 442 1421 hunc
456 1372 576 1421 tenerae
591 1371 712 1439 possent
723 1357 854 1438 perferre
869 1361 1008 1436 laborem,

222 1453 251 1514 Si
266 1472 325 1513 non
341 1464 424 1514 tanta
437 1455 520 1531 quies
535 1455 590 1514 iret
603 1455 753 1532 frigusque
767 1455 956 1533 caloremque

223 1544 314 1621 Inter,
329 1558 358 1607 et
373 1548 521 1625 exciperet
535 1547 611 1608 coeli
625 1548 811 1626 indulgentia
825 1558 926 1610 terras.
1160 1573 1198 1612 ³⁴⁵

262 1641 352 1715 Quod
368 1651 508 1716 superest,
525 1659 728 1718 quaecumque
742 1661 860 1718 premes
874 1641 998 1720 virgulta
1012 1657 1066 1718 per
1079 1659 1175 1720 agros,

116 1737 121 1744 '
223 1735 332 1810 Sparge
346 1734 418 1792 fimo
432 1734 542 1812 pingui,
559 1744 588 1793 et
602 1735 694 1794 multa
707 1754 823 1794 memor
836 1736 937 1795 occule
952 1743 1036 1806 terra,

224 1829 284 1884 Aut
299 1825 428 1903 lapidem
443 1826 585 1899 bibulum,
602 1838 652 1886 aut
666 1828 837 1903 squalentes
852 1827 952 1886 infode
967 1828 1106 1902 conchas,

224 1921 307 1978 Inter
320 1919 399 1977 enim
414 1919 551 1978 labentur
566 1939 669 1996 aquae,
685 1919 840 1996 tenuisque
855 1918 966 1979 subibit

224 2011 352 2084 Halitus,
369 2021 458 2087 atque
472 2012 587 2071 animos
602 2011 708 2071 tollent
722 2022 808 2086 sata,
826 2014 947 2089 jamque
962 2014 1078 2090 reperti,
1161 2039 1198 2078 ³⁵0

225 2105 284 2180 Qui
298 2123 370 2164 saxo
385 2123 471 2180 super
485 2115 575 2180 atque
590 2105 718 2180 ingentis
732 2104 865 2180 pondere
879 2114 975 2164 testae

224 2199 390 2275 Urguerent
404 2220 413 2271 ;
432 2197 490 2256 hoc
504 2198 612 2258 effusos
626 2197 779 2256 munimen
794 2197 832 2255 ad
846 2197 966 2270 imbres,

225 2293 295 2350 Hoc
309 2291 360 2349 ubi
373 2290 472 2350 hiulca
485 2290 532 2349 siti
546 2290 632 2349 findit
644 2288 735 2350 Canis
749 2289 867 2349 aestifer
880 2309 956 2350 arva.

266 2384 434 2443 Seminibus
448 2383 562 2461 positis,
578 2393 714 2460 superest
727 2383 868 2443 diducere
883 2393 992 2444 terram

228 2478 350 2554 Saepius
365 2477 403 2536 ad
417 2476 523 2554 capita,
539 2485 570 2535 et
583 2477 673 2536 duros
691 2477 802 2555 jactare
816 2476 963 2551 bidentes,

202 2578 205 2582 ’
227 2574 287 2630 Aut
301 2589 403 2648 presso
417 2588 554 2629 exercere
568 2571 664 2631 solum
678 2571 734 2629 sub
748 2588 876 2643 vomere,
892 2570 1001 2649 etipsa

227 2664 361 2723 Flectere
376 2664 522 2722 luctantes
536 2663 612 2722 inter
625 2663 726 2722 vineta
743 2664 909 2742 juvencos,

226 2760 304 2817 Tum
318 2759 398 2817 leves
413 2757 543 2815 calamos
557 2766 588 2815 et
601 2774 684 2815 rasae
698 2757 817 2816 hastilia
831 2758 928 2836 virgae

227 2849 446 2925 Fraxineasque
461 2859 561 2925 aptare
575 2849 674 2922 sudes,
689 2849 847 2926 furcasque
862 2851 1004 2922 valentes,

226 2943 345 3003 Viribus
360 2942 432 3001 eniti
446 2961 570 3019 quarum
586 2953 616 3001 et
630 2952 822 3002 contemnere
837 2953 941 3001 ventos

228 3038 424 3109 Adsuescant,
440 3054 628 3111 summasque
642 3034 726 3112 sequi
740 3035 872 3095 tabulata
885 3054 939 3113 per
953 3034 1057 3095 ulmos.

267 3132 313 3189 Ac
327 3130 398 3188 dum
412 3129 506 3205 prima
520 3128 605 3188 novis
619 3128 763 3187 adolescit
776 3127 930 3186 frondibus
945 3138 1036 3199 aetas,

228 3222 412 3283 Parcendum
427 3222 544 3296 teneris,
560 3232 599 3294 et,
615 3220 686 3281 dum
700 3239 734 3279 se
748 3221 843 3279 laetus
856 3221 894 3278 ad
909 3240 994 3280 auras

228 3317 346 3375 Palmes
360 3316 420 3393 agit
434 3315 509 3375 laxis
523 3335 577 3392 per
590 3333 696 3391 purum
711 3312 861 3372 immissus
875 3312 1008 3387 habeniS,

229 3412 300 3486 Ipsa
313 3409 377 3467 acie
392 3410 526 3467 nondum
540 3408 623 3467 falcis
637 3406 790 3478 tentanda,
806 3406 860 3465 sed
874 3407 960 3465 uncis

229 3503 406 3579 Caipendae
420 3501 557 3560 manibus
572 3499 702 3571 frondes,
717 3498 851 3575 interque
866 3499 1031 3578 legendae:

228 3595 305 3654 Inde
319 3595 371 3655 ubi
390 3597 453 3671 jam
467 3592 572 3653 validis
586 3593 740 3668 amplexae
755 3592 895 3670 stirpibus
908 3593 1006 3651 ulmos

229 3688 368 3761 Exierint,
384 3698 454 3747 tunc
468 3687 578 3764 stringe
591 3704 702 3759 comas,
716 3697 788 3746 tunc
801 3685 922 3745 brachia
935 3684 1047 3757 tonde;

229 3784 309 3841 Ante
323 3780 517 3840 reformidant
530 3778 658 3853 ferrum,
677 3788 740 3837 tum
754 3778 884 3853 denique
899 3778 973 3837 dura

230 3877 344 3934 Exerce
357 3872 490 3950 imperia,
506 3882 537 3931 et
550 3889 650 3932 ramos
663 3890 820 3948 oompesce
834 3870 970 3929 fluentes
