3017 4700
282 376 320 432 34
615 371 641 414 Ρ.
664 369 765 414 ovrnrr
787 369 920 413 uasours

283 518 385 578 Pande
400 515 558 595 requirenti
572 521 682 577 nomen
696 528 848 593 terraeque
863 526 1013 593 tuumque,
1214 529 1252 568 ⁶⁸0

284 613 322 670 Et
336 630 388 670 cur
401 610 498 670 vincla
510 629 600 688 geras.
645 609 744 669 Primo
759 609 825 669 silet
839 608 896 684 illa,
911 628 968 669 nec
982 609 1071 670 audet

284 704 442 780 Appellare
456 703 549 762 virum
564 703 664 780 virgo;
685 701 880 779 manibusque
894 703 1047 763 modestos

284 797 418 856 Celasset
431 797 536 870 vultus,
553 795 576 855 si
587 814 648 855 non
663 793 783 872 religata
797 795 907 856 fuisset

283 888 418 962 Lumina,
435 889 516 965 quod
530 888 635 966 potuit,
651 887 778 948 lacrimis
793 889 926 967 implevit
937 889 1056 951 obortis.

283 982 405 1058 Saepius
420 981 548 1054 instanti,
564 1000 617 1041 sua
630 1000 668 1040 ne
683 981 793 1042 delicta
805 983 889 1043 fateri
980 995 984 999 ’
1217 994 1253 1042 ⁶⁸⁵

284 1075 372 1134 Nolle
387 1074 540 1148 videretur,
556 1093 665 1134 nomen
680 1085 832 1153 terraeque
847 1095 1000 1153 suumque,

285 1168 463 1244 Quantaque
477 1178 626 1228 maternae
641 1167 728 1228 fuerit
741 1169 851 1230 fiducia
863 1171 983 1242 formae,

285 1259 420 1334 Indicat3
441 1271 478 1334 et,
495 1261 628 1320 nondum
643 1262 812 1322 memoratis
827 1263 972 1336 omnibus,
988 1261 1068 1320 unda

285 1353 429 1428 Insonuit‚
445 1354 625 1432 veniensque
640 1355 786 1415 immenso
800 1357 900 1415 bellua
911 1365 1005 1432 ponto

285 1445 404 1506 Eminet
418 1457 448 1508 et
463 1448 554 1508 latum
570 1451 624 1509 sub
639 1460 758 1525 pectore
772 1447 905 1525 possidet
916 1466 1033 1524 aequor.

195 1590 197 1594 .
286 1542 464 1601 Conclamat
476 1541 576 1620 virgo:
597 1543 711 1618 genitor
725 1541 853 1618 lugubris
867 1552 897 1600 et
912 1560 971 1600 una

287 1635 385 1692 Mater
399 1634 490 1708 adest,
506 1637 595 1694 ambo
610 1634 716 1708 miseri,
732 1634 785 1694 sed
804 1633 909 1710 justius
924 1633 974 1692 illa
983 1654 992 1706 3

286 1729 352 1786 Nec
368 1745 467 1786 seeum
482 1727 630 1802 auxilium,
648 1727 699 1788 sed
715 1727 820 1804 dignos
835 1737 967 1803 tempore
981 1725 1067 1786 fletus

287 1821 521 1897 Plangoremque
536 1822 639 1895 ferunt,
655 1821 814 1897 vinctoque
830 1819 859 1878 in
875 1838 996 1896 corpore
1011 1819 1179 1878 adhaerent.

287 1913 387 1986 Quum
399 1912 440 1972 sic
455 1915 563 1990 hospes
578 1913 635 1972 ait:
657 1913 856 1972 Lacrimamm
871 1913 960 1988 longa
973 1930 1092 1971 manere
1216 1926 1253 1974 ⁶9⁵

286 2008 435 2083 Tempora
445 2025 499 2065 vos
513 2015 670 2083 poterunt3
689 2005 727 2065 ad
742 2024 831 2082 opem
841 2004 938 2064 brevis
952 2005 1025 2063 hora
1038 2003 1189 2064 ferendam
1199 2015 1251 2064 est

287 2101 377 2158 Hanc
392 2118 447 2176 ego
462 2098 485 2158 si
500 2110 630 2176 peterem
646 2101 770 2158 Perseus
783 2099 858 2174 Jove
872 2108 959 2158 natus
974 2108 1003 2157 et
1017 2097 1075 2171 illa,

287 2194 385 2268 Quam
396 2195 525 2252 clausam
540 2191 672 2269 implevit
686 2192 815 2252 fecundo
828 2192 943 2268 Jupiter
957 2210 1037 2263 auro,

286 2285 433 2363 Gorgonis
448 2285 640 2364 anguicomae
656 2287 779 2344 Perseus
793 2294 953 2362 superator,
966 2293 996 2343 et
1009 2282 1063 2342 alis

285 2378 439 2438 Aetherias
454 2398 541 2438 ausus
552 2378 669 2457 jactatis
684 2378 724 2437 ire
740 2396 792 2454 per
806 2396 898 2451 auras,
1219 2403 1256 2440 πω

287 2472 449 2531 Praeferrer
462 2470 576 2532 cunctis
590 2482 668 2531 certe
683 2490 790 2547 gener:
812 2471 919 2530 addere
935 2470 1023 2530 tantis

287 2564 416 2624 Dotibus
431 2574 461 2623 et
475 2564 785 2624 meritum-iaveant
799 2564 891 2623 modo
904 2563 1074 2623 numina—
1083 2573 1173 2625 tento.

289 2658 333 2716 Ut
347 2676 413 2716 mea
428 2657 473 2730 sit,
490 2667 603 2717 servata
617 2676 684 2716 mea
697 2657 812 2730 virtute,
828 2657 967 2732 paciscor.

287 2748 447 2825 Accipiunt
460 2751 604 2826 legem-
613 2748 678 2825 quis
693 2748 772 2809 enim
787 2749 1040 2810 dubitaretl—et
1054 2760 1139 2811 orant

287 2840 523 2919 Promittuntque
538 2861 625 2919 super
639 2860 761 2919 regnum
776 2842 875 2901 dotale
888 2853 1034 2919 parentes.
1096 2839 1099 2847 '
1219 2872 1255 2910 705

213 2998 216 3005 ,
287 2936 375 3009 Ecce,
390 2937 470 2994 velut
484 2934 566 2994 navis
580 2936 710 3011 praefixo
725 2934 843 2995 concita
855 2946 951 2994 rostro

288 3030 388 3089 Sulcat
403 3047 502 3105 aquas,
516 3030 657 3104 juvenum
673 3027 848 3088 sudantibus
865 3039 931 3087 acta
945 3028 1068 3103 lacertis,
1123 3080 1126 3086 .

289 3120 337 3181 Sic
351 3122 419 3195 fera,
435 3120 555 3181 dimotis
569 3122 696 3198 impulsu
710 3120 839 3198 pectoris
852 3121 939 3181 undis
951 3127 972 3181 :'

286 3216 416 3274 Tantum
431 3217 532 3275 aberat
546 3213 683 3291 scopulis,
695 3225 843 3290 ¹quantum
858 3213 1008 3274 Balearica
1022 3225 1100 3275 torto

287 3308 392 3367 Funda
405 3318 503 3384 potest
518 3308 641 3383 plumbo
655 3306 746 3366 medii
760 3307 957 3367 transmittere
971 3307 1056 3381 coeli,
1220 3333 1257 3369 ⁷10

287 3401 387 3474 Quum
402 3393 502 3475 subito
511 3401 636 3476 Juvenis,
652 3400 778 3477 pedibus
792 3400 894 3460 tellure
908 3402 1033 3477 repulsa,

193 3533 195 3541 ‚
287 3494 405 3552 Arduus
420 3492 450 3551 in
465 3494 559 3555 nubes
574 3492 653 3552 abiit.
697 3494 741 3552 Ut
755 3480 784 3549 in
800 3511 927 3569 aequore
941 3511 1058 3552 summo

287 3587 402 3645 Umbra
416 3585 469 3644 viri
483 3585 545 3645 visa
559 3595 612 3659 est,
627 3586 721 3646 visam
734 3584 902 3645 fera-saevit
913 3586 943 3643 in
957 3587 1100 3646 umbram.

287 3680 390 3756 thue
403 3678 486 3755 Jovis
501 3698 633 3755 praepeS,
648 3697 742 3737 vacuo
757 3697 849 3755 quum
863 3678 937 3738 vidit
951 3679 980 3737 in
994 3697 1066 3739 arvo

288 3773 481 3831 Praebentem
497 3772 620 3832 Phoebo
635 3772 755 3836 liventia
768 3783 850 3851 terga
863 3773 1031 3847 draconem,
1219 3799 1256 3838 71⁵
