3017 4700
574 437 732 494 Apumoos
753 439 811 482 rra.
831 439 863 484 11.

233 582 390 645 Instaurati
405 582 504 659 animi,
520 584 596 662 regis
611 603 778 646 succurrere
793 585 886 659 tectis,

232 678 412 755 Auxilioque
426 679 523 738 levare
536 678 622 752 viros,
638 678 758 755 vimque
773 679 882 739 addere
895 678 990 740 victis.

271 772 378 831 Limen
393 781 455 831 erat
468 790 635 849 caecaeque
649 773 726 832 fores
740 781 771 832 et
784 772 902 849 pervius
916 791 986 833 usus

230 867 392 953 Tectorum
406 864 482 924 inter
496 856 527 924 se
543 864 658 947 Priami,
673 876 834 942 postesque
849 865 943 926 relicti

230 959 260 1016 A
273 970 366 1036 tergo,
382 958 484 1018 infelix
497 977 557 1033 qua
571 977 611 1030 se,
627 958 699 1017 dum
713 977 804 1035 regna
817 961 986 1032 manebant,

232 1051 356 1128 Saepius
369 1051 582 1111 Andromache
595 1051 672 1111 ferre
685 1051 859 1112 incomitata
873 1053 988 1112 solebat
1032 1104 1034 1110 ,

231 1146 281 1225 Ad
295 1164 426 1218 soceros,
442 1155 472 1204 et
486 1162 543 1203 avo
557 1163 680 1221 puemm
696 1115 878 1222 Astyinti‘tta
892 1146 1034 1206 trahebat

230 1238 336 1298 Evado
350 1239 389 1297 ad
404 1237 510 1297 summi
525 1236 641 1314 fastigia
654 1217 905 1317 culminisiunde.

230 1332 306 1390 Tela
319 1350 410 1390 manu
424 1330 521 1390 miseri
533 1332 687 1409 jactabant
701 1331 782 1390 irrita
796 1331 912 1391 Teucri.

230 1424 347 1484 Turrim
361 1424 391 1482 in
405 1422 559 1501 praecipiti
574 1434 701 1483 stantem
715 1425 899 1501 summisque
914 1426 970 1486 sub
984 1434 1062 1486 astra

122 1527 127 1533 '
230 1519 377 1578 Eductam
392 1516 487 1590 tectis,
502 1518 583 1577 unde
596 1517 694 1577 omnis
708 1519 799 1596 Troja
812 1517 905 1577 videri

230 1613 270 1670 Et
284 1613 424 1671 Danaum
439 1611 543 1670 solitae
557 1629 648 1670 naves
663 1621 693 1670 et
708 1610 823 1670 Achaia
837 1621 943 1685 castra,
960 1662 963 1668 .

228 1703 369 1782 Aggressi
384 1704 460 1763 ferro
475 1703 595 1775 circum,
612 1722 670 1779 qua
683 1721 800 1763 summa
812 1704 947 1764 labantes

228 1799 387 1873 Ju'ncturas
401 1797 535 1856 tabulata
547 1797 667 1869 dabant,
683 1795 877 1856 convellimus
892 1796 958 1856 altis

223 1889 357 1950 'Sedibus
369 1889 621 1966 impulimusque3
641 1907 678 1948 ea
691 1889 774 1966 lapsa
788 1900 909 1966 repente
923 1891 1038 1950 ruinam

166 2055 169 2064 1
230 1984 308 2043 Cum
323 1981 422 2042 sonitu
436 1983 525 2042 trahit
539 1993 569 2040 et
584 1984 721 2044 Danaum
736 2000 825 2058 super
839 1983 957 2059 agmina
970 1985 1029 2044 late

230 2075 348 2135 Incidit.
392 2079 449 2135 Ast
462 2075 512 2134 alii
527 2076 661 2147 subeunt,
677 2093 734 2134 nec
749 2093 827 2148 saxa,
843 2095 899 2136 nec
913 2076 1006 2135 ullum

228 2168 370 2228 Telorum
384 2169 497 2228 interea
511 2177 607 2228 cessat
620 2187 721 2244 genus.

269 2259 458 2324 Vestinum
473 2272 542 2322 ante
556 2260 652 2337 ipsum
667 2261 823 2337 primoque
837 2261 867 2320 in
882 2261 983 2322 limine
999 2262 1127 2340 Pyrrhus

229 2358 373 2428 Exsultat,
389 2355 457 2416 telis
470 2367 501 2415 et
514 2357 581 2414 luce
594 2374 734 2415 comscus
747 2358 843 2430 aena3
909 2375 914 2383 ·

229 2450 336 2524 Qualis
350 2449 402 2509 ubi
415 2449 447 2508 in
460 2449 557 2508 lucem
571 2450 694 2508 coluber
707 2449 786 2509 mala
799 2448 932 2527 gramina
944 2460 1054 2526 pastus,

229 2542 348 2620 Frigida
361 2545 417 2602 sub
431 2552 507 2602 terra
521 2542 667 2601 tumidum
682 2561 771 2623 quem
785 2543 890 2602 bruma
904 2545 1030 2620 tegebat,

229 2639 327 2710 Nunc,
343 2635 448 2713 positis
462 2654 558 2695 novus
573 2635 686 2697 exuviis
699 2635 871 2713 nitidusque
884 2637 1014 2712 juventa,

229 2729 359 2789 Lubrica
373 2730 524 2791 convolvit
538 2730 656 2788 sublato
668 2740 790 2806 pectore
804 2741 887 2807 terga

229 2822 349 2882 Arduus
364 2822 403 2881 ad
416 2821 520 2894 solem,
536 2832 567 2881 et
580 2822 687 2899 linguis
700 2822 791 2883 micat
806 2840 857 2881 ore
871 2822 1006 2882 trisulcis.

230 2917 302 2976 Una
315 2915 420 2993 ingens
435 2914 577 2992 Periphas
591 2926 622 2975 et
635 2934 780 2992 equorum
794 2916 919 2992 agitator
934 2914 1067 2988 Achillis,

229 3009 366 3087 Armiger
380 3009 581 3082 Automedon,
597 3030 658 3068 una
671 3009 768 3069 omnis
783 3009 882 3085 Scyria
896 3010 990 3085 pubes

230 3103 402 3162 Succedunt
415 3112 504 3173 tecto,
520 3112 551 3185 et
563 3102 700 3161 flammas
713 3102 751 3161 ad
767 3101 897 3161 eulmina
909 3103 1030 3178 jactant

229 3196 300 3273 Ipse
313 3196 392 3254 iuter
403 3195 515 3272 primos
528 3206 665 3271 correpta
678 3195 751 3254 dura
764 3193 888 3270 bipenni

228 3289 347 3348 Limina
360 3288 532 3365 perrumpit,
547 3298 709 3364 postesque
722 3306 742 3345 a
754 3286 875 3346 cardine
888 3288 970 3347 vellit

229 3384 375 3455 Aeratos3
392 3383 515 3460 jamque
529 3380 629 3439 excisa
642 3381 725 3439 trabe
738 3380 823 3439 firma
836 3380 952 3440 cavavit
1021 3397 1025 3401 ·

112 3495 115 3499 ·
192 3541 195 3545 ,
227 3477 360 3547 Robora,
377 3486 406 3533 et
421 3473 571 3551 ingentem
585 3472 647 3531 lato
662 3472 745 3531 dedit
759 3490 809 3531 ore
823 3473 990 3532 fenestram.

228 3570 363 3644 Apparet
377 3567 485 3627 domus
498 3566 587 3638 intus,
603 3574 633 3623 et
647 3564 720 3623 atria
733 3565 823 3641 longa
837 3576 1012 3641 pateseuut;

229 3663 384 3738 Apparent
398 3659 508 3719 Priami
522 3670 552 3718 et
565 3669 698 3717 veterum
712 3658 875 3733 penetralia
888 3676 999 3735 regum,

228 3756 426 3829 Armatosque
441 3752 543 3811 vident
556 3760 668 3811 stantes
682 3750 712 3808 in
727 3750 828 3810 limine
842 3751 946 3827 primo.

248 3850 310 3907 ..At
324 3847 431 3905 domus
444 3843 567 3904 interior
578 3843 691 3921 gemitu
704 3842 871 3921 miseroque
885 3844 1012 3904 tumultu
