3017 4700
597 369 755 413 AENEIDOS
777 369 835 413 LIB.
859 370 891 412 11.
1175 371 1227 432 151

258 517 338 594 Quid
351 515 443 578 suris?
463 525 514 576 aut
528 533 659 592 quonam
673 515 768 576 nostri
781 515 834 576 tibi
848 533 919 576 cura
934 514 1077 578 recessit?
1195 543 1230 584 sor

257 613 329 671 Non
342 610 424 687 prius
438 609 594 685 adspicies,
609 609 661 669 ubi
675 609 787 669 fessum
802 619 898 669 aetate
913 621 1066 686 parentem

256 702 391 780 Liqueris
406 701 581 763 Anchisen?
601 713 719 779 superet
733 704 881 780 conjuxne
897 704 1017 776 Creusa,

256 795 461 871 Ascaniusque
476 797 569 872 puer?
588 814 664 871 quos
674 813 779 854 omues
789 795 922 872 undique
937 795 1044 856 Graiae

256 889 473 950 Circumerrant
487 887 574 962 acies,
590 898 628 962 et,
644 887 675 946 ni
690 908 757 948 mea
771 907 841 949 cura
854 888 979 962 resistat,

254 985 323 1059 Jam
336 982 475 1041 flammae
489 980 609 1042 tulerint
624 980 759 1041 inimicus
774 959 1049 1134 equuseriYnsis.
1155 1027 1158 1033 .
1193 999 1231 1040 σω

255 1078 326 1135 Non
341 1073 395 1134 tibi
409 1073 587 1151 Tyndaridis
601 1074 692 1148 facies
706 1074 802 1150 invisa
843 1093 933 1134 acaen
955 1095 971 1134 e

256 1169 436 1245 Culpatusve
452 1166 543 1240 Paris,
559 1167 662 1246 divum
673 1166 871 1243 inclementia,
888 1167 997 1242 divum,

256 1264 323 1322 Has
336 1259 441 1321 evertit
454 1279 528 1338 opes
543 1258 880 1337 sterni'tquea-culmine
894 1263 1024 1337 Trojam.

255 1354 386 1432 Adspice
394 1335 572 1506 —lrpamque
587 1342 720 1427 omnem,
734 1372 811 1431 quae
826 1373 905 1413 nunc
920 1354 1051 1414 obducta
1065 1352 1160 1416 tuenti

254 1448 398 1508 Mortales
412 1447 449 1506 he
459 1520 461 1525 Ι
473 1457 533 1530 etat
547 1445 626 1507 visus
640 1447 695 1507 tibi
709 1458 739 1508 et
752 1447 876 1508 humida
890 1447 1000 1507 circum
1192 1464 1229 1514 σος

255 1540 378 1618 Caligat,
394 1541 505 1600 nubem
518 1539 660 1618 eripiam,
681 1551 713 1600 tu
727 1560 765 1600 ne
781 1560 839 1616 qua
853 1541 984 1618 parentis

253 1636 341 1714 Jussa
355 1633 434 1708 time,
450 1653 509 1693 neu
522 1634 688 1711 praeceptis
702 1653 804 1714 parere
819 1653 971 1694 recusa-

255 1727 325 1801 Hic,
340 1726 392 1786 ubi
407 1725 546 1802 disjectas
562 1728 656 1786 moles
671 1727 832 1803 avulsaque
848 1726 924 1789 sairis

255 1823 333 1881 Saxa
347 1820 430 1880 vides
444 1819 597 1896 mixtoque
610 1820 775 1879 undantem
789 1821 909 1896 pulvere
924 1821 1047 1897 sumum,

255 1916 412 1991 Neptunus
426 1932 526 1972 muros
539 1930 708 1988 magnoque
723 1923 823 1972 emota
837 1901 956 1973 tridenti

255 2007 461 2067 Fundamenta
475 2005 569 2082 quatit
583 2016 735 2080 totamque
749 2025 768 2064 a
783 2006 901 2066 sedibus
916 2007 1020 2068 urbem

255 2099 346 2160 Eruit
390 2099 451 2159 Hic
466 2101 546 2175 Juno
560 2100 668 2159 Scaeas
681 2097 852 2158 saevissima
866 2108 966 2175 portas

255 2193 356 2254 Prima
369 2203 459 2266 tenet,
475 2190 650 2268 sociumque
664 2192 766 2251 furens
780 2211 798 2252 a
812 2190 936 2252 navibus
951 2211 1057 2270 agmen

256 2287 345 2346 Ferro
359 2285 494 2346 accincta
507 2294 602 2345 vocat

252 2383 319 2457 Jam
335 2400 465 2441 summas
480 2399 562 2441 arces
576 2378 720 2453 Tritonia,
736 2378 859 2457 respice,
876 2380 973 2441 Pallas

254 2474 377 2548 Insedit,
393 2473 496 2532 nimbo
510 2472 653 2549 effulgens
667 2483 697 2533 et
711 2474 853 2551 Gorgone
868 2494 963 2535 saeva.

254 2569 324 2643 Ipse
340 2570 428 2626 Pater
442 2566 554 2626 Danais
569 2565 684 2627 animos
697 2566 834 2645 viresque
850 2567 996 2629 secundas

253 2659 373 2734 Sufficit,
390 2659 454 2737 ipse
468 2660 542 2719 deos
555 2658 587 2718 in
602 2660 746 2720 Dardana
760 2661 881 2721 suscitat
896 2680 983 2721 arma

254 2753 350 2831 Eripe,
366 2762 444 2826 nate,
459 2754 567 2829 sugam,
583 2754 733 2831 finemque
748 2754 869 2833 impone
884 2754 985 2816 labori.

254 2848 409 2923 Nusquam
423 2848 523 2919 abero,
539 2857 569 2905 et
583 2856 679 2906 tutum
693 2848 790 2925 patrio
805 2858 834 2909 te
849 2847 950 2907 limine
965 2846 1076 2911 sistam.

254 2940 386 3013 Dixerat,
403 2949 433 2998 et
447 2938 552 3016 spissis
566 2940 663 3001 noctis
678 2960 710 3001 se
724 2940 860 3002 condidit
874 2940 993 3002 umbris.

255 3036 409 3111 Apparent
423 3032 504 3093 dirae
518 3032 609 3093 iacies
623 3032 802 3111 inimicaque
816 3036 925 3111 Trojae

254 3125 387 3185 Numina
401 3145 509 3202 magna
523 3126 620 3187 deum.
636 3176 653 3212 s

293 3220 370 3278 Tum
385 3238 456 3279 vero
470 3237 560 3279 omne
575 3218 648 3278 mihi
662 3218 758 3279 visum
772 3219 926 3281 considere
940 3221 972 3279 in
986 3220 1069 3298 ignes

253 3310 342 3371 Ilium
356 3321 387 3372 et
400 3331 437 3371 ex
451 3311 512 3371 imo
526 3311 600 3373 verti
615 3310 768 3387 Neptunia
782 3313 892 3388 Troja3
1192 3330 1229 3378 ⁶25

254 3407 300 3464 Ac
313 3403 405 3463 veluti
420 3404 542 3465 summis
557 3403 710 3481 antiquam
723 3403 754 3462 in
768 3404 920 3465 montibus
936 3424 1041 3466 ornum

252 3497 354 3572 Quum
367 3497 444 3557 ferro
458 3497 587 3557 accisam
601 3496 771 3573 crebrisque
785 3496 964 3575 bipennibus
978 3498 1089 3559 instant

253 3592 363 3651 Eruere
376 3590 523 3667 agricolae
537 3588 691 3663 certatim3
711 3587 763 3649 illa
777 3602 870 3666 usque
884 3591 1012 3651 minatur

254 3684 292 3743 Et
306 3685 481 3744 tremefacta
493 3702 611 3743 comam
625 3700 774 3743 concusso
788 3683 897 3745 vertice
912 3694 1004 3759 nutat,

252 3776 437 3861 Vulneribus·
448 3777 547 3837 donec
561 3774 705 3853 paulatim
718 3775 814 3839 evicta
828 3796 998 3856 supremum
1192 3792 1229 3843 ⁶³0
