3017 4700
320 419 357 495 56
653 431 678 474 Ρ.
700 431 801 475 ovrnu
822 431 957 474 nasoms

318 582 365 638 Ac
378 577 469 638 veluti
483 579 607 655 supplex
621 597 675 654 pro
689 588 750 636 tam
764 577 916 636 furialibus
929 575 1009 635 ausis

320 675 400 732 Ante
414 671 507 749 pedes
519 671 618 746 jacuit
665 672 725 731 Sed
740 670 819 730 enim
834 669 988 730 temeraria
1001 679 1139 729 crescunt

319 766 410 839 Bella,
426 764 593 840 modusque
607 763 680 823 abiit
694 764 858 840 insanaque
872 772 975 839 regnat
991 761 1127 839 Erinnys.

320 860 496 934 Cunctaque
511 857 570 916 tela
583 858 679 916 forent
693 867 782 916 cantu
796 856 919 929 mollita,
935 855 988 914 sed
1002 855 1107 932 ingens
1270 884 1293 921 ις

320 951 442 1013 Clamor
456 961 486 1010 et
500 949 602 1009 inflato
617 950 792 1027 Berecyntia
806 948 879 1008 tibia
892 967 985 1008 comu

319 1047 535 1121 Tympanaque
550 1053 579 1102 et
593 1045 712 1120 plausus
727 1051 757 1102 et
772 1041 899 1102 Bacchei
913 1042 1041 1101 ululatus
1180 1104 1182 1108 ,

321 1139 521 1212 Obstrepuere
536 1155 611 1196 sono
625 1135 763 1195 citharae.
806 1136 884 1193 Tum
899 1133 1029 1211 denique
1044 1153 1115 1194 saxa

321 1234 392 1290 Non
406 1228 536 1289 exauditi
550 1231 710 1289 rubuerunt
725 1228 867 1306 sanguine
880 1228 964 1288 vatis

321 1328 367 1384 Ac
381 1323 508 1400 primum
523 1321 662 1382 attonitas
677 1323 838 1382 etiamnum
852 1339 928 1381 voce
942 1320 1075 1380 canentis

321 1409 496 1476 Innumeras
510 1417 644 1475 volucres
659 1433 827 1493 anguesque
842 1433 1009 1491 agmenque
1023 1414 1148 1474 serarum

321 1509 488 1570 Maenades
503 1508 616 1584 Orphei
632 1508 748 1568 titulum
764 1527 886 1585 rapuere
900 1507 1025 1582 theatri;

322 1605 398 1664 Inde
413 1602 572 1662 cruentatis
586 1611 738 1661 vertuntur
751 1601 782 1661 in
797 1602 919 1678 Orphea
933 1600 1053 1674 dextris,

322 1699 361 1756 Et
375 1699 494 1769 coeunt,
511 1704 544 1754 ut
558 1714 636 1768 aves,
653 1694 676 1754 si
692 1695 814 1771 quaudo
827 1695 893 1753 lnce
907 1704 1065 1771 vagantem

322 1789 428 1850 Noctis
443 1808 528 1848 avem
543 1798 676 1862 cernunt,
693 1797 865 1864 structaque
878 1788 1026 1864 utrimque
1040 1788 1157 1847 theatro
1270 1817 1294 1854 25

322 1884 366 1942 Ut
381 1882 526 1942 matutina
539 1901 641 1941 cervus
655 1881 802 1958 periturus
817 1899 906 1940 arena

322 1977 437 2036 Praeda
450 1995 558 2035 canum
573 1986 635 2049 est3
652 1985 812 2050 vatemque
826 1983 939 2050 petunt,
956 1984 986 2034 et
999 1974 1105 2033 fronde
1118 1973 1246 2034 virentes

322 2068 496 2146 Conjiciunt
510 2069 625 2146 thyrsos
639 2087 701 2126 non
716 2068 791 2126 haec
805 2067 837 2125 in
850 2068 1090 2127 munerafactos.
1172 2082 1176 2087 ·

322 2166 391 2223 Hae
405 2163 517 2240 glebas,
533 2161 600 2221 illae
615 2160 747 2238 direptos
762 2162 867 2220 arbore
880 2178 987 2233 ramos,
1098 2245 1101 2250 Ι
1211 2229 1218 2243 ·

321 2258 394 2316 Pars
408 2266 547 2334 torquent
562 2255 666 2314 silices.
710 2255 779 2313 Neu
794 2254 893 2314 desint
906 2254 966 2313 tela
979 2253 1077 2327 hiron,
1272 2285 1296 2321 30

322 2353 410 2411 Forte
424 2352 517 2411 boves
532 2368 634 2427 presso
649 2346 827 2424 subigebant
840 2366 960 2407 vomere
975 2357 1089 2421 terram,

322 2445 388 2504 Nec
402 2445 505 2519 procul
519 2443 598 2516 hinc,
613 2442 708 2513 multo
722 2442 848 2500 fructum
862 2440 971 2500 sudo're
984 2450 1131 2517 parantes,

323 2539 406 2595 Dura
419 2534 556 2595 lacertosi
571 2534 725 2595 fodiebant
739 2552 808 2592 arua
822 2533 940 2594 coloni:

323 2628 451 2706 Agmine
466 2628 517 2704 qui
531 2627 595 2687 viso
611 2626 725 2704 fugiunt
740 2626 898 2703 operisque
913 2626 1083 2704 relinquunt

323 2724 416 2780 Arma
430 2720 482 2794 sui,
498 2739 667 2797 vacuosque
681 2722 782 2795 jacent
795 2719 929 2796 dispersa
942 2739 996 2796 per
1009 2739 1094 2797 agros
1272 2749 1295 2787 35

322 2816 500 2890 Sarculaque
514 2812 657 2889 rastrique
671 2832 775 2889 graves
789 2811 929 2889 longique
944 2812 1066 2892 ligones.

324 2909 411 2983 Quae
426 2917 586 2983 postquam
600 2924 723 2982 rapuere
737 2907 824 2979 ferae,
840 2924 993 2982 comuque
1006 2906 1138 2966 minaces

323 3000 471 3061 Divellere
485 3002 587 3073 boves
604 3000 642 3058 ad
656 2997 731 3059 vatis
746 3000 806 3059 fata
819 3009 979 3072 recurrunt,

323 3095 571 3170 Tendentemque
587 3109 692 3151 manus
707 3102 796 3169 atque
811 3092 862 3152 illo
877 3103 1011 3169 tempore
1024 3091 1151 3169 primum

324 3187 411 3247 Irrita
425 3186 573 3247 dicentem
588 3205 643 3245 nec
659 3185 818 3262 quicquam
832 3205 907 3245 voce
921 3188 1092 3245 moventem
1272 3214 1297 3250 ro

325 3279 670 3358 Sacrilegae'perimunt3
690 3296 802 3355 perque
817 3296 963 3355 os—pro
976 3278 1093 3355 Jupiter
1103 3282 1158 3337 1-
1167 3278 1248 3352 illud,

323 3372 469 3433 Auditum
484 3373 561 3432 saxis
576 3372 818 3447 intellectumque
832 3373 958 3431 feramm

324 3465 473 3539 Sensibus,
489 3465 520 3524 in
533 3475 639 3525 ventos
653 3463 752 3523 anima
766 3464 902 3533 exhalata
915 3464 1042 3525 recessit

324 3560 369 3619 Te
383 3570 513 3618 maestae
527 3559 670 3631 volucres,
686 3557 818 3633 Orpheu,
833 3568 863 3617 te
877 3560 963 3617 turba
975 3559 1111 3631 ferarum,

324 3654 370 3711 Te
384 3650 470 3728 rigidi
484 3650 589 3722 silices,
606 3659 656 3710 tua
670 3649 801 3709 carmina
815 3669 904 3727 saepe
918 3660 1038 3710 secutae

325 3746 483 3805 Fleverunt
497 3744 607 3818 silvae;
627 3742 732 3820 positis
747 3753 776 3802 te
791 3742 945 3803 frondibus
960 3744 1048 3802 arbos

325 3838 427 3897 Tonsa
441 3855 557 3896 comam
571 3834 664 3911 luxit3
684 3834 812 3895 lacrimis
826 3853 947 3912 quoque
961 3834 1085 3896 flumina
1097 3834 1201 3896 dicunt
