3017 4700
575 412 905 457 METAMORPH.L1}3.1.

270 562 359 620 Nunc
371 576 464 636 genus
478 555 507 615 in
522 556 608 616 nobis
622 565 711 618 restat
725 558 849 621 mortale
863 557 1028 619 duobus-

268 653 317 714 Sic
331 651 423 712 visum
438 648 821 733 superis-hominumque
835 627 970 726 eriemplai
983 666 1144 752 manemus.

268 745 398 818 Dixerat,
415 753 444 804 et
457 739 576 806 flebant
620 741 733 805 Placuit
740 740 876 830 cqeleste
890 740 1025 830 precari

268 836 402 911 Numen,
412 848 442 897 et
450 774 594 946 laurulipm
609 853 662 911 per
673 852 774 894 sacras
777 801 974 986 ¹'qquaererqlpp
1002 853 1042 894 es

268 932 359 990 Nulla
372 910 454 1000 metra¹
467 941 529 991 est:
550 930 660 990 adeunt
673 926 782 1004 pariter
795 904 917 1003 Ceiphisi
972 844 1088 1011 (landas,

268 1025 313 1084 Ut
327 996 424 1176 ιιοιὲιἰ
429 1044 459 1083 m
473 998 634 1099 liquidas
613 1041 654 1082 sic
665 1023 728 1098 jam
739 1020 820 1081 vada
829 1031 902 1080 nota
915 988 1056 1136 stipantes.

268 1117 345 1177 Inde
359 1138 378 1176 ιι
423 1114 536 1191 libatos
543 1111 698 1184 inroravere
712 1110 842 1209 liquores

267 1045 480 1310 Vestibuiiet
464 1209 562 1289 capiti,
564 1183 699 1316 'fleclunt
712 1188 847 1286 νεὲιίςίιυ,
841 1217 969 1268 sanetae

267 1304 316 1363 Ad
331 1290 453 1364 delubra
466 1304 547 1376 deae,
563 1301 687 1380 quor’um
701 1301 815 1379 fastigia
828 1301 906 1378 turpi
976 1288 980 1315 ¹

267 1397 422 1457 Pallebant
436 1415 546 1469 musco,
563 1395 776 1473 stabantque
753 1415 816 1456 sine
830 1394 946 1472 ignibus
960 1413 1035 1456 arae

267 1491 312 1550 Ut
325 1489 427 1566 templi
442 1489 562 1566 tetigere
575 1491 690 1567 gradus,
705 1480 872 1568 procumbit
885 1500 1007 1566 uterque

266 1585 381 1643 Pronus
395 1582 475 1642 humi
489 1583 646 1660 gelidoque
661 1580 772 1660 pavens
786 1583 868 1644 dedit
882 1585 983 1642 oscula
996 1601 1077 1656 saxo,

267 1678 367 1752 Atque
381 1675 430 1749 ita,
446 1675 475 1736 Si
489 1675 633 1752 precibus,
649 1675 792 1749 dixerunt,
807 1674 929 1735 numina
939 1669 1036 1755 justis'

266 1767 355 1829 Victa
368 1770 582 1856 remollescunt,
599 1769 623 1828 si
636 1769 764 1846 flectitur
776 1769 819 1829 ira
832 1769 963 1841 deorum,

267 1861 333 1935 Dic,
348 1861 463 1935 Themi,
480 1881 538 1938 qua
550 1861 664 1938 generis
678 1863 820 1922 damnum
834 1861 996 1939 reparabile
1010 1861 1104 1922 nostri

266 1957 337 2014 Arte
352 1953 396 2026 sit,
412 1963 442 2013 et
456 1954 556 2014 mersis
571 1955 613 2014 ier
627 1973 724 2031 opem,
740 1953 902 2028 mitissima,
917 1955 1012 2014 rebus

188 2030 192 2038 ’
267 2049 354 2107 Mota
351 1999 423 2147 (143
437 2058 481 2107 est
469 2017 672 2158 t,sorlemque
687 2047 787 2107 dedit:
809 2027 970 2113 Didcedite'
965 2049 1097 2135 ,templa

268 2142 336 2200 Et
319 2141 412 2215 velate
427 2151 516 2218 caput
529 2121 698 2217 cinctasque
713 2139 832 2198 resolvit
821 2149 849 2198 te
863 2150 968 2223 vestes,

267 2233 401 2313 Ossaque
413 2243 482 2310 post
496 2244 612 2336 tergum
623 2248 746 2313 magnae
759 2199 869 2311 jactate
882 2230 1019 2308 parentis

267 2327 451 2404 Obstupuere
466 2304 525 2399 diu,
523 2293 706 2430 rumpitque
722 2322 838 2390 silentia
851 2325 926 2386 toce
990 2359 996 2367 -

266 2420 375 2497 Pyrrha
388 2394 526 2586 qur
478 2419 624 2523 jussisque
639 2420 712 2498 deae
727 2417 828 2497 patere
842 2409 965 2507 recusat,

266 2515 385 2590 Detque
400 2532 413 2572 s
445 2533 455 2571 1
469 2531 594 2620 veniam,
609 2512 723 2589 pavido
732 2523 821 2591 rogat
831 2531 890 2586 ore,
904 2513 1052 2598 palvetque

218 2633 222 2641 =
265 2607 397 2690 Laedere
408 2581 538 2698 J'actalis
538 2616 685 2665 maternas
699 2605 816 2666 ossibus
830 2607 955 2665 umbras

261 2668 476 2852 'interqaqt
395 2710 476 2807 repqt
477 2710 529 2758 unt
544 2677 639 2760 caricis
654 2682 802 2820 opscural
834 2698 912 2760 ebn's

190 2844 197 2865 ,
263 2794 345 2853 Verb
378 2794 464 2854 datae
479 2764 563 2864 scitis
578 2777 680 2876 sepum'
693 2792 796 2868 interp
782 2809 872 2868 seque
872 2767 1039 2895 vq'lutaqt:

264 2886 340 2946 Inde
356 2860 577 2962 Pnimethiades
591 2879 715 2962 placidis
730 2848 933 2966 Epimlthida
933 2883 1021 2946 dictis

253 2956 378 3038 Mulcet
392 2988 430 3052 et,
445 2979 506 3037 Aut
520 2978 616 3051 fallax,
631 2977 680 3051 ait,
696 2988 740 3038 est
753 2971 883 3037 solle'rtia
896 2977 1021 3050 nobis,

263 3074 324 3131 Aut
337 3070 387 3148 pia
401 3080 468 3131 sunt
482 3071 653 3147 nullumque
668 3071 750 3130 nefas
764 3071 883 3130 oracula
897 3070 1029 3131 suadent

263 3166 377 3241 Magna
389 3181 495 3240 parens
509 3174 584 3223 terra
597 3173 650 3237 est,
666 3162 802 3241 lapides
793 3182 825 3222 ιιι
839 3182 962 3241 corpore
977 3174 1071 3224 terrae

263 3257 340 3316 Ossa
353 3275 419 3316 reor
432 3255 510 3317 dici:
526 3256 623 3334 jacere
637 3257 692 3317 hos
707 3267 776 3333 post
790 3265 870 3335 terga
884 3257 1029 3334 jubemur.

262 3348 406 3426 Coniugis
420 3348 540 3426 augurio
555 3368 724 3426 quanquam
738 3348 858 3431 Titania
872 3360 954 3410 mota
967 3360 1021 3423 est,

263 3444 337 3519 Spes
352 3452 451 3501 tamen
465 3440 495 3501 in
510 3441 601 3501 dubio
616 3454 678 3503 est:
699 3442 775 3503 adeo
788 3443 968 3503 coelestibus
982 3444 1072 3503 ambo

263 3534 408 3594 Diffidunt
421 3533 561 3609 monitis3
582 3534 634 3594 sed
649 3534 720 3611 quid
734 3545 848 3595 tentare
862 3532 1004 3596 nocebit?

262 3626 436 3701 Discedunt,
451 3628 609 3704 velantque
623 3638 712 3704 caput
726 3627 899 3704 tunicasque
913 3626 1076 3705 recingunt,

263 3722 300 3779 Et
313 3722 409 3797 jussos
423 3720 537 3797 lapides
552 3739 606 3781 sua
619 3731 687 3796 post
700 3720 824 3798 vestigia
837 3720 964 3779 mittunt

261 3812 458 3889 Saxa-quis
472 3813 530 3876 hoc
544 3813 652 3888 credat,
669 3812 725 3873 nisi
739 3812 776 3873 sit
790 3832 844 3891 pro
858 3824 934 3873 teste
947 3813 1146 3887 vetustasl—
1193 3844 1231 3880 ιω
