<?xml version="1.0" encoding="UTF-8"?>
<!DOCTYPE html PUBLIC "-//W3C//DTD XHTML 1.0 Transitional//EN"
    "http://www.w3.org/TR/xhtml1/DTD/xhtml1-transitional.dtd">
<html xmlns="http://www.w3.org/1999/xhtml" xml:lang="en" lang="en">
 <head>
  <title>
</title>
<meta http-equiv="Content-Type" content="text/html;charset=utf-8" />
  <meta name='ocr-system' content='tesseract 3.04.00' />
  <meta name='ocr-capabilities' content='ocr_page ocr_carea ocr_par ocr_line ocrx_word'/>
</head>
<body>
  <div class='ocr_page' id='page_1' title='image "./selectionsfromo01virggoog_0199.png"; bbox 0 0 3017 4700; ppageno 0'>
   <div class='ocr_carea' id='block_1_1' title="bbox 579 435 1214 508">
    <p class='ocr_par' dir='ltr' id='par_1_1' title="bbox 579 435 1214 508">
     <span class='ocr_line' id='line_1_1' title="bbox 579 435 1214 508; baseline 0.005 -17"><span class='ocrx_word' id='word_1_1' title='bbox 579 447 736 492; x_wconf 76' lang='lat' dir='ltr'>asumoos</span> <span class='ocrx_word' id='word_1_2' title='bbox 758 447 816 492; x_wconf 76' lang='lat' dir='ltr'>urs.</span> <span class='ocrx_word' id='word_1_3' title='bbox 840 448 879 491; x_wconf 89' lang='lat' dir='ltr'>rv.</span> <span class='ocrx_word' id='word_1_4' title='bbox 1161 435 1214 508; x_wconf 86' lang='lat'>187</span> 
     </span>
    </p>
   </div>
   <div class='ocr_carea' id='block_1_2' title="bbox 248 593 1218 950">
    <p class='ocr_par' dir='ltr' id='par_1_2' title="bbox 248 593 1118 763">
     <span class='ocr_line' id='line_1_2' title="bbox 248 593 1118 671; baseline 0.007 -21"><span class='ocrx_word' id='word_1_5' title='bbox 248 593 355 652; x_wconf 84' lang='lat' dir='ltr'>Testor</span> <span class='ocrx_word' id='word_1_6' title='bbox 368 601 524 669; x_wconf 89' lang='lat' dir='ltr'>utrumque</span> <span class='ocrx_word' id='word_1_7' title='bbox 537 599 676 669; x_wconf 84' lang='lat' dir='ltr'>caput-</span> <span class='ocrx_word' id='word_1_8' title='bbox 685 594 798 653; x_wconf 86' lang='lat' dir='ltr'>celeres</span> <span class='ocrx_word' id='word_1_9' title='bbox 813 593 952 653; x_wconf 89' lang='lat' dir='ltr'>mandata</span> <span class='ocrx_word' id='word_1_10' title='bbox 965 611 1017 671; x_wconf 91' lang='lat' dir='ltr'>per</span> <span class='ocrx_word' id='word_1_11' title='bbox 1032 611 1118 656; x_wconf 86' lang='lat' dir='ltr'>auras</span> 
     </span>
     <span class='ocr_line' id='line_1_3' title="bbox 249 685 986 763; baseline 0.004 -20"><span class='ocrx_word' id='word_1_12' title='bbox 249 685 362 745; x_wconf 88' lang='lat' dir='ltr'><strong>Detulit</strong></span> <span class='ocrx_word' id='word_1_13' title='bbox 375 707 385 760; x_wconf 89' lang='lat'>;</span> <span class='ocrx_word' id='word_1_14' title='bbox 404 685 467 763; x_wconf 89' lang='lat' dir='ltr'>ipse</span> <span class='ocrx_word' id='word_1_15' title='bbox 481 685 570 745; x_wconf 90' lang='lat' dir='ltr'>deum</span> <span class='ocrx_word' id='word_1_16' title='bbox 584 685 741 747; x_wconf 84' lang='lat' dir='ltr'>manifesto</span> <span class='ocrx_word' id='word_1_17' title='bbox 755 687 786 746; x_wconf 89' lang='lat' dir='ltr'>in</span> <span class='ocrx_word' id='word_1_18' title='bbox 800 685 911 746; x_wconf 90' lang='lat' dir='ltr'>lumine</span> <span class='ocrx_word' id='word_1_19' title='bbox 924 687 986 746; x_wconf 89' lang='lat' dir='ltr'>vidi</span> 
     </span>
    </p>

    <p class='ocr_par' dir='ltr' id='par_1_3' title="bbox 248 779 1011 855">
     <span class='ocr_line' id='line_1_4' title="bbox 248 779 1011 855; baseline 0.005 -19"><span class='ocrx_word' id='word_1_20' title='bbox 248 779 412 838; x_wconf 88' lang='lat' dir='ltr'>Intrantem</span> <span class='ocrx_word' id='word_1_21' title='bbox 425 797 534 851; x_wconf 89' lang='lat' dir='ltr'>muros,</span> <span class='ocrx_word' id='word_1_22' title='bbox 550 797 713 855; x_wconf 90' lang='lat' dir='ltr'>vocemque</span> <span class='ocrx_word' id='word_1_23' title='bbox 727 779 774 840; x_wconf 92' lang='lat' dir='ltr'>his</span> <span class='ocrx_word' id='word_1_24' title='bbox 787 780 906 840; x_wconf 88' lang='lat' dir='ltr'>auribus</span> <span class='ocrx_word' id='word_1_25' title='bbox 920 779 1011 840; x_wconf 80' lang='lat' dir='ltr'>hausi.</span> 
     </span>
    </p>

    <p class='ocr_par' dir='ltr' id='par_1_4' title="bbox 248 870 1218 950">
     <span class='ocr_line' id='line_1_5' title="bbox 248 870 1218 950; baseline 0.003 -21"><span class='ocrx_word' id='word_1_26' title='bbox 248 871 360 931; x_wconf 88' lang='lat' dir='ltr'>Desine</span> <span class='ocrx_word' id='word_1_27' title='bbox 374 890 483 948; x_wconf 87' lang='lat' dir='ltr'>meque</span> <span class='ocrx_word' id='word_1_28' title='bbox 495 870 554 950; x_wconf 76' lang='lat' dir='ltr'>tuis</span> <span class='ocrx_word' id='word_1_29' title='bbox 567 872 726 933; x_wconf 86' lang='lat' dir='ltr'>incendere</span> <span class='ocrx_word' id='word_1_30' title='bbox 741 883 831 950; x_wconf 90' lang='lat' dir='ltr'>teque</span> <span class='ocrx_word' id='word_1_31' title='bbox 845 873 992 950; x_wconf 84' lang='lat' dir='ltr'>querelis3</span> <span class='ocrx_word' id='word_1_32' title='bbox 1127 929 1130 940; x_wconf 88' lang='grc'><strong><em>,</em></strong></span> <span class='ocrx_word' id='word_1_33' title='bbox 1181 892 1218 941; x_wconf 80' lang='lat'>360</span> 
     </span>
    </p>
   </div>
   <div class='ocr_carea' id='block_1_3' title="bbox 161 965 691 1042">
    <p class='ocr_par' dir='ltr' id='par_1_5' title="bbox 161 965 691 1042">
     <span class='ocr_line' id='line_1_6' title="bbox 161 965 691 1042; baseline -0.002 -17"><span class='ocrx_word' id='word_1_34' title='bbox 161 1020 164 1025; x_wconf 93' lang='grc'><em>,</em></span> <span class='ocrx_word' id='word_1_35' title='bbox 248 965 365 1024; x_wconf 91' lang='lat' dir='ltr'>Italiam</span> <span class='ocrx_word' id='word_1_36' title='bbox 379 984 440 1024; x_wconf 90' lang='lat' dir='ltr'>nou</span> <span class='ocrx_word' id='word_1_37' title='bbox 454 974 561 1041; x_wconf 91' lang='lat' dir='ltr'>sponte</span> <span class='ocrx_word' id='word_1_38' title='bbox 575 983 691 1042; x_wconf 89' lang='lat' dir='ltr'>sequor.</span> 
     </span>
    </p>
   </div>
   <div class='ocr_carea' id='block_1_4' title="bbox 246 1056 1216 1693">
    <p class='ocr_par' dir='ltr' id='par_1_6' title="bbox 246 1056 1216 1693">
     <span class='ocr_line' id='line_1_7' title="bbox 286 1056 964 1136; baseline 0 -20"><span class='ocrx_word' id='word_1_39' title='bbox 286 1058 372 1117; x_wconf 89' lang='lat' dir='ltr'>Talia</span> <span class='ocrx_word' id='word_1_40' title='bbox 386 1056 534 1116; x_wconf 82' lang='lat' dir='ltr'>dicentem</span> <span class='ocrx_word' id='word_1_41' title='bbox 552 1058 728 1136; x_wconf 89' lang='lat' dir='ltr'>jamdudum</span> <span class='ocrx_word' id='word_1_42' title='bbox 743 1077 845 1118; x_wconf 90' lang='lat' dir='ltr'>aversa</span> <span class='ocrx_word' id='word_1_43' title='bbox 858 1067 964 1131; x_wconf 89' lang='lat' dir='ltr'>tuetur,</span> 
     </span>
     <span class='ocr_line' id='line_1_8' title="bbox 248 1151 981 1228; baseline 0.001 -19"><span class='ocrx_word' id='word_1_44' title='bbox 248 1151 319 1210; x_wconf 89' lang='lat' dir='ltr'>Huc</span> <span class='ocrx_word' id='word_1_45' title='bbox 333 1151 404 1210; x_wconf 89' lang='lat' dir='ltr'>illuc</span> <span class='ocrx_word' id='word_1_46' title='bbox 417 1151 540 1210; x_wconf 91' lang='lat' dir='ltr'>volvens</span> <span class='ocrx_word' id='word_1_47' title='bbox 554 1151 664 1223; x_wconf 89' lang='lat' dir='ltr'>oculos,</span> <span class='ocrx_word' id='word_1_48' title='bbox 681 1159 835 1228; x_wconf 88' lang='lat' dir='ltr'>totumque</span> <span class='ocrx_word' id='word_1_49' title='bbox 848 1158 981 1228; x_wconf 86' lang='lat' dir='ltr'>pererrat</span> 
     </span>
     <span class='ocr_line' id='line_1_9' title="bbox 246 1241 952 1321; baseline 0.001 -20"><span class='ocrx_word' id='word_1_50' title='bbox 246 1243 422 1303; x_wconf 90' lang='lat' dir='ltr'>Luminibus</span> <span class='ocrx_word' id='word_1_51' title='bbox 436 1243 543 1316; x_wconf 90' lang='lat' dir='ltr'>tacitis,</span> <span class='ocrx_word' id='word_1_52' title='bbox 559 1252 588 1302; x_wconf 89' lang='lat' dir='ltr'>et</span> <span class='ocrx_word' id='word_1_53' title='bbox 602 1241 646 1302; x_wconf 88' lang='lat' dir='ltr'>sic</span> <span class='ocrx_word' id='word_1_54' title='bbox 659 1261 786 1303; x_wconf 88' lang='lat' dir='ltr'>accensa</span> <span class='ocrx_word' id='word_1_55' title='bbox 799 1244 931 1321; x_wconf 84' lang='lat' dir='ltr'>profatur</span> <span class='ocrx_word' id='word_1_56' title='bbox 945 1265 952 1302; x_wconf 90' lang='lat'>:</span> 
     </span>
     <span class='ocr_line' id='line_1_10' title="bbox 247 1334 1216 1413; baseline 0.001 -20"><span class='ocrx_word' id='word_1_57' title='bbox 247 1337 312 1395; x_wconf 88' lang='lat' dir='ltr'>Nec</span> <span class='ocrx_word' id='word_1_58' title='bbox 326 1335 381 1395; x_wconf 89' lang='lat' dir='ltr'>tibi</span> <span class='ocrx_word' id='word_1_59' title='bbox 395 1335 463 1394; x_wconf 91' lang='lat' dir='ltr'>diva</span> <span class='ocrx_word' id='word_1_60' title='bbox 476 1354 594 1411; x_wconf 90' lang='lat' dir='ltr'>parens,</span> <span class='ocrx_word' id='word_1_61' title='bbox 609 1334 726 1413; x_wconf 83' lang='lat' dir='ltr'>generis</span> <span class='ocrx_word' id='word_1_62' title='bbox 740 1353 796 1395; x_wconf 90' lang='lat' dir='ltr'>nec</span> <span class='ocrx_word' id='word_1_63' title='bbox 811 1336 968 1395; x_wconf 80' lang='lat' dir='ltr'>Dardanus</span> <span class='ocrx_word' id='word_1_64' title='bbox 982 1346 1091 1411; x_wconf 84' lang='lat' dir='ltr'>auctor,</span> <span class='ocrx_word' id='word_1_65' title='bbox 1180 1356 1216 1405; x_wconf 81' lang='lat'>³⁶5</span> 
     </span>
     <span class='ocr_line' id='line_1_11' title="bbox 246 1427 999 1506; baseline 0.003 -20"><span class='ocrx_word' id='word_1_66' title='bbox 246 1427 384 1503; x_wconf 82' lang='lat' dir='ltr'>Perfide3</span> <span class='ocrx_word' id='word_1_67' title='bbox 404 1428 458 1488; x_wconf 91' lang='lat' dir='ltr'>sed</span> <span class='ocrx_word' id='word_1_68' title='bbox 472 1428 553 1487; x_wconf 91' lang='lat' dir='ltr'>duris</span> <span class='ocrx_word' id='word_1_69' title='bbox 566 1427 669 1506; x_wconf 88' lang='lat' dir='ltr'>genuit</span> <span class='ocrx_word' id='word_1_70' title='bbox 683 1438 713 1488; x_wconf 92' lang='lat' dir='ltr'>te</span> <span class='ocrx_word' id='word_1_71' title='bbox 726 1427 861 1490; x_wconf 87' lang='lat' dir='ltr'>cautibus</span> <span class='ocrx_word' id='word_1_72' title='bbox 875 1430 999 1488; x_wconf 87' lang='lat' dir='ltr'>horrens</span> 
     </span>
     <span class='ocr_line' id='line_1_12' title="bbox 246 1508 1028 1600; baseline 0 -20"><span class='ocrx_word' id='word_1_73' title='bbox 246 1521 406 1594; x_wconf 81' lang='lat' dir='ltr'>Caucasus,</span> <span class='ocrx_word' id='word_1_74' title='bbox 424 1523 641 1599; x_wconf 86' lang='lat' dir='ltr'>Hyrcanaeque</span> <span class='ocrx_word' id='word_1_75' title='bbox 655 1508 813 1580; x_wconf 77' lang='lat' dir='ltr'>admorunt</span> <span class='ocrx_word' id='word_1_76' title='bbox 825 1519 917 1582; x_wconf 89' lang='lat' dir='ltr'>ubera</span> <span class='ocrx_word' id='word_1_77' title='bbox 931 1522 1028 1600; x_wconf 82' lang='lat' dir='ltr'>tigres.</span> 
     </span>
     <span class='ocr_line' id='line_1_13' title="bbox 246 1613 1153 1693; baseline 0.006 -22"><span class='ocrx_word' id='word_1_78' title='bbox 246 1615 324 1673; x_wconf 91' lang='lat' dir='ltr'>Nam</span> <span class='ocrx_word' id='word_1_79' title='bbox 339 1613 411 1690; x_wconf 91' lang='lat' dir='ltr'>quid</span> <span class='ocrx_word' id='word_1_80' title='bbox 425 1613 601 1673; x_wconf 87' lang='lat' dir='ltr'>dissimulo?</span> <span class='ocrx_word' id='word_1_81' title='bbox 620 1623 673 1673; x_wconf 91' lang='lat' dir='ltr'>aut</span> <span class='ocrx_word' id='word_1_82' title='bbox 686 1632 763 1689; x_wconf 93' lang='lat' dir='ltr'>quae</span> <span class='ocrx_word' id='word_1_83' title='bbox 777 1631 825 1674; x_wconf 91' lang='lat' dir='ltr'>rne</span> <span class='ocrx_word' id='word_1_84' title='bbox 839 1614 877 1674; x_wconf 94' lang='lat' dir='ltr'>ad</span> <span class='ocrx_word' id='word_1_85' title='bbox 891 1615 1001 1693; x_wconf 73' lang='lat' dir='ltr'>majora</span> <span class='ocrx_word' id='word_1_86' title='bbox 1014 1620 1153 1676; x_wconf 82' lang='lat' dir='ltr'>reservo?</span> 
     </span>
    </p>
   </div>
   <div class='ocr_carea' id='block_1_5' title="bbox 153 1707 1215 2256">
    <p class='ocr_par' dir='ltr' id='par_1_7' title="bbox 246 1707 1036 1784">
     <span class='ocr_line' id='line_1_14' title="bbox 246 1707 1036 1784; baseline 0.005 -20"><span class='ocrx_word' id='word_1_87' title='bbox 246 1707 326 1765; x_wconf 88' lang='lat' dir='ltr'>Num</span> <span class='ocrx_word' id='word_1_88' title='bbox 339 1707 409 1766; x_wconf 87' lang='lat' dir='ltr'>fletu</span> <span class='ocrx_word' id='word_1_89' title='bbox 425 1707 568 1784; x_wconf 87' lang='lat' dir='ltr'>ingemuit</span> <span class='ocrx_word' id='word_1_90' title='bbox 581 1709 705 1766; x_wconf 87' lang='lat' dir='ltr'>nostro?</span> <span class='ocrx_word' id='word_1_91' title='bbox 726 1726 799 1765; x_wconf 91' lang='lat' dir='ltr'>num</span> <span class='ocrx_word' id='word_1_92' title='bbox 814 1707 924 1766; x_wconf 89' lang='lat' dir='ltr'>lumina</span> <span class='ocrx_word' id='word_1_93' title='bbox 936 1707 1036 1768; x_wconf 86' lang='lat' dir='ltr'>flexit?</span> 
     </span>
    </p>

    <p class='ocr_par' dir='ltr' id='par_1_8' title="bbox 244 1799 1215 1970">
     <span class='ocr_line' id='line_1_15' title="bbox 245 1799 1215 1876; baseline 0.011 -19"><span class='ocrx_word' id='word_1_94' title='bbox 245 1799 325 1858; x_wconf 91' lang='lat' dir='ltr'>Num</span> <span class='ocrx_word' id='word_1_95' title='bbox 339 1799 474 1858; x_wconf 85' lang='lat' dir='ltr'>lacrimas</span> <span class='ocrx_word' id='word_1_96' title='bbox 487 1799 582 1876; x_wconf 74' lang='lat' dir='ltr'>uictus</span> <span class='ocrx_word' id='word_1_97' title='bbox 596 1799 688 1872; x_wconf 85' lang='lat' dir='ltr'>dedit,</span> <span class='ocrx_word' id='word_1_98' title='bbox 702 1808 754 1858; x_wconf 90' lang='lat' dir='ltr'>aut</span> <span class='ocrx_word' id='word_1_99' title='bbox 767 1799 923 1860; x_wconf 86' lang='lat' dir='ltr'>miseratus</span> <span class='ocrx_word' id='word_1_100' title='bbox 936 1810 1085 1861; x_wconf 89' lang='lat' dir='ltr'>amantem</span> <span class='ocrx_word' id='word_1_101' title='bbox 1098 1805 1161 1863; x_wconf 86' lang='lat' dir='ltr'>est?</span> <span class='ocrx_word' id='word_1_102' title='bbox 1178 1827 1215 1868; x_wconf 65' lang='grc' dir='ltr'>πο</span> 
     </span>
     <span class='ocr_line' id='line_1_16' title="bbox 244 1890 1132 1970; baseline 0.005 -20"><span class='ocrx_word' id='word_1_103' title='bbox 244 1890 330 1964; x_wconf 87' lang='lat' dir='ltr'>Quae</span> <span class='ocrx_word' id='word_1_104' title='bbox 344 1891 450 1968; x_wconf 91' lang='lat' dir='ltr'>quibus</span> <span class='ocrx_word' id='word_1_105' title='bbox 464 1892 647 1951; x_wconf 83' lang='lat' dir='ltr'>anteferam?</span> <span class='ocrx_word' id='word_1_106' title='bbox 679 1893 747 1967; x_wconf 92' lang='lat' dir='ltr'>Jam</span> <span class='ocrx_word' id='word_1_107' title='bbox 759 1892 821 1968; x_wconf 86' lang='lat' dir='ltr'>jam</span> <span class='ocrx_word' id='word_1_108' title='bbox 835 1910 892 1951; x_wconf 90' lang='lat' dir='ltr'>nec</span> <span class='ocrx_word' id='word_1_109' title='bbox 904 1893 1031 1952; x_wconf 87' lang='lat' dir='ltr'>maxima</span> <span class='ocrx_word' id='word_1_110' title='bbox 1046 1896 1132 1970; x_wconf 90' lang='lat' dir='ltr'>Iun0‚</span> 
     </span>
    </p>

    <p class='ocr_par' dir='ltr' id='par_1_9' title="bbox 244 1982 1037 2062">
     <span class='ocr_line' id='line_1_17' title="bbox 244 1982 1037 2062; baseline 0.003 -20"><span class='ocrx_word' id='word_1_111' title='bbox 244 1985 310 2043; x_wconf 90' lang='lat' dir='ltr'>Nec</span> <span class='ocrx_word' id='word_1_112' title='bbox 326 1982 478 2043; x_wconf 88' lang='lat' dir='ltr'>Saturnius</span> <span class='ocrx_word' id='word_1_113' title='bbox 493 1984 567 2042; x_wconf 88' lang='lat' dir='ltr'>haec</span> <span class='ocrx_word' id='word_1_114' title='bbox 581 1983 674 2044; x_wconf 89' lang='lat' dir='ltr'>oculis</span> <span class='ocrx_word' id='word_1_115' title='bbox 688 1993 774 2061; x_wconf 90' lang='lat' dir='ltr'>pater</span> <span class='ocrx_word' id='word_1_116' title='bbox 786 1983 913 2062; x_wconf 85' lang='lat' dir='ltr'>adspicit</span> <span class='ocrx_word' id='word_1_117' title='bbox 927 1984 1037 2062; x_wconf 89' lang='lat' dir='ltr'>aequis.</span> 
     </span>
    </p>

    <p class='ocr_par' dir='ltr' id='par_1_10' title="bbox 244 2073 1003 2156">
     <span class='ocr_line' id='line_1_18' title="bbox 244 2073 1003 2156; baseline 0.005 -22"><span class='ocrx_word' id='word_1_118' title='bbox 244 2078 401 2153; x_wconf 86' lang='lat' dir='ltr'>Nusquam</span> <span class='ocrx_word' id='word_1_119' title='bbox 414 2085 478 2136; x_wconf 85' lang='lat' dir='ltr'>tuta</span> <span class='ocrx_word' id='word_1_120' title='bbox 490 2076 574 2136; x_wconf 88' lang='lat' dir='ltr'>fides.</span> <span class='ocrx_word' id='word_1_121' title='bbox 617 2077 753 2155; x_wconf 86' lang='lat' dir='ltr'>Ejectum</span> <span class='ocrx_word' id='word_1_122' title='bbox 767 2078 852 2137; x_wconf 90' lang='lat' dir='ltr'>litore</span> <span class='ocrx_word' id='word_1_123' title='bbox 865 2073 1003 2156; x_wconf 71' lang='lat' dir='ltr'>egentem</span> 
     </span>
    </p>

    <p class='ocr_par' dir='ltr' id='par_1_11' title="bbox 153 2167 906 2256">
     <span class='ocr_line' id='line_1_19' title="bbox 153 2167 906 2256; baseline 0.005 -29"><span class='ocrx_word' id='word_1_124' title='bbox 153 2249 157 2256; x_wconf 23' lang='grc' dir='ltr'>Ι</span> <span class='ocrx_word' id='word_1_125' title='bbox 244 2168 357 2245; x_wconf 86' lang='lat' dir='ltr'>Excepi</span> <span class='ocrx_word' id='word_1_126' title='bbox 373 2178 403 2228; x_wconf 91' lang='lat' dir='ltr'>et</span> <span class='ocrx_word' id='word_1_127' title='bbox 416 2167 499 2246; x_wconf 84' lang='lat' dir='ltr'>regni</span> <span class='ocrx_word' id='word_1_128' title='bbox 513 2168 637 2229; x_wconf 89' lang='lat' dir='ltr'>demens</span> <span class='ocrx_word' id='word_1_129' title='bbox 650 2168 681 2228; x_wconf 89' lang='lat' dir='ltr'>in</span> <span class='ocrx_word' id='word_1_130' title='bbox 694 2179 777 2246; x_wconf 88' lang='lat' dir='ltr'>parte</span> <span class='ocrx_word' id='word_1_131' title='bbox 791 2170 906 2245; x_wconf 73' lang='lat' dir='ltr'>locavi,</span> 
     </span>
    </p>
   </div>
   <div class='ocr_carea' id='block_1_6' title="bbox 242 2261 1214 2901">
    <p class='ocr_par' dir='ltr' id='par_1_12' title="bbox 242 2261 1214 2901">
     <span class='ocr_line' id='line_1_20' title="bbox 244 2261 1214 2334; baseline 0.004 -16"><span class='ocrx_word' id='word_1_132' title='bbox 244 2261 394 2321; x_wconf 88' lang='lat' dir='ltr'>Amissam</span> <span class='ocrx_word' id='word_1_133' title='bbox 409 2261 543 2333; x_wconf 85' lang='lat' dir='ltr'>classem,</span> <span class='ocrx_word' id='word_1_134' title='bbox 560 2262 659 2322; x_wconf 87' lang='lat' dir='ltr'>socios</span> <span class='ocrx_word' id='word_1_135' title='bbox 672 2273 800 2323; x_wconf 74' lang='lat' dir='ltr'>amorre</span> <span class='ocrx_word' id='word_1_136' title='bbox 813 2263 924 2323; x_wconf 80' lang='lat' dir='ltr'>reduxi.</span> <span class='ocrx_word' id='word_1_137' title='bbox 1178 2295 1214 2334; x_wconf 72' lang='lat'>³„</span> 
     </span>
     <span class='ocr_line' id='line_1_21' title="bbox 244 2355 1027 2435; baseline 0.004 -21"><span class='ocrx_word' id='word_1_138' title='bbox 244 2356 317 2415; x_wconf 91' lang='lat' dir='ltr'>Heu</span> <span class='ocrx_word' id='word_1_139' title='bbox 329 2355 411 2415; x_wconf 77' lang='lat' dir='ltr'>iuriis</span> <span class='ocrx_word' id='word_1_140' title='bbox 425 2355 549 2415; x_wconf 88' lang='lat' dir='ltr'>incensa</span> <span class='ocrx_word' id='word_1_141' title='bbox 561 2356 640 2415; x_wconf 85' lang='lat' dir='ltr'>feror</span> <span class='ocrx_word' id='word_1_142' title='bbox 650 2360 666 2416; x_wconf 55' lang='lat' dir='ltr'>l*</span> <span class='ocrx_word' id='word_1_143' title='bbox 698 2358 789 2417; x_wconf 92' lang='lat' dir='ltr'>Nunc</span> <span class='ocrx_word' id='word_1_144' title='bbox 802 2376 894 2435; x_wconf 86' lang='lat' dir='ltr'>augur</span> <span class='ocrx_word' id='word_1_145' title='bbox 908 2357 1027 2435; x_wconf 79' lang='lat' dir='ltr'>Apelle,</span> 
     </span>
     <span class='ocr_line' id='line_1_22' title="bbox 243 2450 1055 2529; baseline 0.004 -21"><span class='ocrx_word' id='word_1_146' title='bbox 243 2451 332 2511; x_wconf 91' lang='lat' dir='ltr'>Nunc</span> <span class='ocrx_word' id='word_1_147' title='bbox 346 2450 454 2528; x_wconf 89' lang='lat' dir='ltr'>Lyciae</span> <span class='ocrx_word' id='word_1_148' title='bbox 468 2461 570 2523; x_wconf 90' lang='lat' dir='ltr'>sortes,</span> <span class='ocrx_word' id='word_1_149' title='bbox 586 2469 666 2510; x_wconf 91' lang='lat' dir='ltr'>nunc</span> <span class='ocrx_word' id='word_1_150' title='bbox 679 2459 711 2511; x_wconf 91' lang='lat' dir='ltr'>et</span> <span class='ocrx_word' id='word_1_151' title='bbox 722 2454 799 2528; x_wconf 88' lang='lat' dir='ltr'>Jove</span> <span class='ocrx_word' id='word_1_152' title='bbox 812 2452 921 2512; x_wconf 87' lang='lat' dir='ltr'>missus</span> <span class='ocrx_word' id='word_1_153' title='bbox 936 2452 974 2511; x_wconf 89' lang='lat' dir='ltr'>ab</span> <span class='ocrx_word' id='word_1_154' title='bbox 988 2451 1055 2529; x_wconf 90' lang='lat' dir='ltr'>ipso</span> 
     </span>
     <span class='ocr_line' id='line_1_23' title="bbox 242 2542 977 2624; baseline 0.003 -23"><span class='ocrx_word' id='word_1_155' title='bbox 242 2544 393 2620; x_wconf 89' lang='lat' dir='ltr'>Interpres</span> <span class='ocrx_word' id='word_1_156' title='bbox 407 2542 507 2603; x_wconf 90' lang='lat' dir='ltr'>divum</span> <span class='ocrx_word' id='word_1_157' title='bbox 521 2543 576 2602; x_wconf 91' lang='lat' dir='ltr'>fert</span> <span class='ocrx_word' id='word_1_158' title='bbox 590 2543 709 2604; x_wconf 91' lang='lat' dir='ltr'>horrida</span> <span class='ocrx_word' id='word_1_159' title='bbox 719 2546 802 2624; x_wconf 86' lang='lat' dir='ltr'>jussa</span> <span class='ocrx_word' id='word_1_160' title='bbox 815 2564 870 2623; x_wconf 87' lang='lat' dir='ltr'>per</span> <span class='ocrx_word' id='word_1_161' title='bbox 882 2564 977 2605; x_wconf 90' lang='lat' dir='ltr'>auras.</span> 
     </span>
     <span class='ocr_line' id='line_1_24' title="bbox 243 2635 965 2718; baseline 0.003 -23"><span class='ocrx_word' id='word_1_162' title='bbox 243 2636 361 2696; x_wconf 87' lang='lat' dir='ltr'>Scilicet</span> <span class='ocrx_word' id='word_1_163' title='bbox 375 2635 399 2695; x_wconf 94' lang='lat' dir='ltr'>is</span> <span class='ocrx_word' id='word_1_164' title='bbox 413 2636 533 2712; x_wconf 88' lang='lat' dir='ltr'>Superis</span> <span class='ocrx_word' id='word_1_165' title='bbox 547 2636 631 2696; x_wconf 90' lang='lat' dir='ltr'>labor</span> <span class='ocrx_word' id='word_1_166' title='bbox 645 2647 698 2710; x_wconf 90' lang='lat' dir='ltr'>est,</span> <span class='ocrx_word' id='word_1_167' title='bbox 713 2656 834 2718; x_wconf 66' lang='lat' dir='ltr'>eacura</span> <span class='ocrx_word' id='word_1_168' title='bbox 848 2639 965 2715; x_wconf 85' lang='lat' dir='ltr'>quietos</span> 
     </span>
     <span class='ocr_line' id='line_1_25' title="bbox 243 2712 1213 2836; baseline -0.004 -47"><span class='ocrx_word' id='word_1_169' title='bbox 243 2729 394 2822; x_wconf 67' lang='lat' dir='ltr'>Sollicitat.</span> <span class='ocrx_word' id='word_1_170' title='bbox 438 2732 546 2817; x_wconf 88' lang='lat' dir='ltr'>Neque</span> <span class='ocrx_word' id='word_1_171' title='bbox 560 2738 590 2788; x_wconf 92' lang='lat' dir='ltr'>te</span> <span class='ocrx_word' id='word_1_172' title='bbox 603 2738 701 2803; x_wconf 87' lang='lat' dir='ltr'>tene0,</span> <span class='ocrx_word' id='word_1_173' title='bbox 717 2712 910 2826; x_wconf 77' lang='lat' dir='ltr'>nequedictai</span> <span class='ocrx_word' id='word_1_174' title='bbox 923 2728 1044 2836; x_wconf 56' lang='lat' dir='ltr'>repello;</span> <span class='ocrx_word' id='word_1_175' title='bbox 1176 2747 1213 2795; x_wconf 85' lang='lat'>380</span> 
     </span>
     <span class='ocr_line' id='line_1_26' title="bbox 242 2819 1030 2901; baseline -0.001 -21"><span class='ocrx_word' id='word_1_176' title='bbox 242 2822 267 2894; x_wconf 95' lang='lat' dir='ltr'>I,</span> <span class='ocrx_word' id='word_1_177' title='bbox 282 2840 407 2898; x_wconf 87' lang='lat' dir='ltr'>sequere</span> <span class='ocrx_word' id='word_1_178' title='bbox 422 2819 539 2887; x_wconf 85' lang='lat' dir='ltr'>Italiain</span> <span class='ocrx_word' id='word_1_179' title='bbox 553 2821 659 2895; x_wconf 89' lang='lat' dir='ltr'>ventis,</span> <span class='ocrx_word' id='word_1_180' title='bbox 674 2833 744 2899; x_wconf 88' lang='lat' dir='ltr'>pete</span> <span class='ocrx_word' id='word_1_181' title='bbox 757 2842 849 2901; x_wconf 87' lang='lat' dir='ltr'>regna</span> <span class='ocrx_word' id='word_1_182' title='bbox 862 2840 916 2898; x_wconf 89' lang='lat' dir='ltr'>per</span> <span class='ocrx_word' id='word_1_183' title='bbox 928 2821 1030 2880; x_wconf 90' lang='lat' dir='ltr'>undas.</span> 
     </span>
    </p>
   </div>
   <div class='ocr_carea' id='block_1_7' title="bbox 1185 2452 1206 2481">
    <p class='ocr_par' dir='ltr' id='par_1_13' title="bbox 1185 2452 1206 2481">
     <span class='ocr_line' id='line_1_27' title="bbox 1185 2452 1206 2481; baseline 0 -5"><span class='ocrx_word' id='word_1_184' title='bbox 1185 2452 1206 2481; x_wconf 52' lang='lat' dir='ltr'>h</span> 
     </span>
    </p>
   </div>
   <div class='ocr_carea' id='block_1_8' title="bbox 220 3004 1210 3924">
    <p class='ocr_par' dir='ltr' id='par_1_14' title="bbox 242 3004 995 3085">
     <span class='ocr_line' id='line_1_28' title="bbox 242 3004 995 3085; baseline -0.004 -17"><span class='ocrx_word' id='word_1_185' title='bbox 242 3008 390 3085; x_wconf 90' lang='lat' dir='ltr'>Supplicia</span> <span class='ocrx_word' id='word_1_186' title='bbox 404 3010 563 3067; x_wconf 90' lang='lat' dir='ltr'>hausurum</span> <span class='ocrx_word' id='word_1_187' title='bbox 577 3009 717 3085; x_wconf 89' lang='lat' dir='ltr'>scopulis,</span> <span class='ocrx_word' id='word_1_188' title='bbox 732 3018 764 3067; x_wconf 88' lang='lat' dir='ltr'>et</span> <span class='ocrx_word' id='word_1_189' title='bbox 778 3007 898 3067; x_wconf 85' lang='lat' dir='ltr'>nomine</span> <span class='ocrx_word' id='word_1_190' title='bbox 914 3004 995 3065; x_wconf 88' lang='lat' dir='ltr'>Dido</span> 
     </span>
    </p>

    <p class='ocr_par' dir='ltr' id='par_1_15' title="bbox 241 3098 1032 3205">
     <span class='ocr_line' id='line_1_29' title="bbox 241 3098 1032 3205; baseline -0.003 -44"><span class='ocrx_word' id='word_1_191' title='bbox 241 3101 335 3177; x_wconf 88' lang='lat' dir='ltr'>Saepe</span> <span class='ocrx_word' id='word_1_192' title='bbox 348 3112 526 3205; x_wconf 73' lang='lat' dir='ltr'>vqcatprum.</span> <span class='ocrx_word' id='word_1_193' title='bbox 570 3101 684 3193; x_wconf 69' lang='lat' dir='ltr'>Sequar</span> <span class='ocrx_word' id='word_1_194' title='bbox 697 3100 770 3160; x_wconf 87' lang='lat' dir='ltr'>atris</span> <span class='ocrx_word' id='word_1_195' title='bbox 784 3099 902 3177; x_wconf 89' lang='lat' dir='ltr'>ignibus</span> <span class='ocrx_word' id='word_1_196' title='bbox 903 3098 1032 3191; x_wconf 58' lang='lat' dir='ltr'>(absens</span> 
     </span>
    </p>

    <p class='ocr_par' dir='ltr' id='par_1_16' title="bbox 242 3154 1210 3363">
     <span class='ocr_line' id='line_1_30' title="bbox 242 3154 1210 3272; baseline -0.004 -19"><span class='ocrx_word' id='word_1_197' title='bbox 242 3195 288 3267; x_wconf 91' lang='lat' dir='ltr'>Et,</span> <span class='ocrx_word' id='word_1_198' title='bbox 304 3212 393 3270; x_wconf 90' lang='lat' dir='ltr'>quum</span> <span class='ocrx_word' id='word_1_199' title='bbox 407 3193 512 3272; x_wconf 86' lang='lat' dir='ltr'>frigida</span> <span class='ocrx_word' id='word_1_200' title='bbox 525 3212 606 3253; x_wconf 89' lang='lat' dir='ltr'>mors</span> <span class='ocrx_word' id='word_1_201' title='bbox 620 3154 885 3253; x_wconf 76' lang='lat' dir='ltr'>animaseriurerit</span> <span class='ocrx_word' id='word_1_202' title='bbox 899 3200 987 3264; x_wconf 90' lang='lat' dir='ltr'>artus,</span> <span class='ocrx_word' id='word_1_203' title='bbox 1174 3210 1210 3259; x_wconf 78' lang='lat'>³8⁵</span> 
     </span>
     <span class='ocr_line' id='line_1_31' title="bbox 242 3283 1148 3363; baseline 0.002 -17"><span class='ocrx_word' id='word_1_204' title='bbox 242 3286 388 3346; x_wconf 90' lang='lat' dir='ltr'>Omnibus</span> <span class='ocrx_word' id='word_1_205' title='bbox 401 3287 506 3345; x_wconf 90' lang='lat' dir='ltr'>umbra</span> <span class='ocrx_word' id='word_1_206' title='bbox 519 3284 592 3345; x_wconf 90' lang='lat' dir='ltr'>locis</span> <span class='ocrx_word' id='word_1_207' title='bbox 605 3286 705 3345; x_wconf 89' lang='lat' dir='ltr'>adero.</span> <span class='ocrx_word' id='word_1_208' title='bbox 748 3283 852 3357; x_wconf 89' lang='lat' dir='ltr'>Dabis,</span> <span class='ocrx_word' id='word_1_209' title='bbox 868 3284 1011 3362; x_wconf 89' lang='lat' dir='ltr'>improbe,</span> <span class='ocrx_word' id='word_1_210' title='bbox 1027 3304 1148 3363; x_wconf 88' lang='lat' dir='ltr'>poenas.</span> 
     </span>
    </p>

    <p class='ocr_par' dir='ltr' id='par_1_17' title="bbox 220 3377 1092 3452">
     <span class='ocr_line' id='line_1_32' title="bbox 220 3377 1092 3452; baseline 0.003 -15"><span class='ocrx_word' id='word_1_211' title='bbox 220 3437 225 3448; x_wconf 63' lang='grc'>,</span> <span class='ocrx_word' id='word_1_212' title='bbox 241 3378 378 3452; x_wconf 88' lang='lat' dir='ltr'>Audiam,</span> <span class='ocrx_word' id='word_1_213' title='bbox 393 3390 423 3439; x_wconf 91' lang='lat' dir='ltr'>et</span> <span class='ocrx_word' id='word_1_214' title='bbox 437 3381 510 3438; x_wconf 90' lang='lat' dir='ltr'>haec</span> <span class='ocrx_word' id='word_1_215' title='bbox 525 3381 634 3437; x_wconf 90' lang='lat' dir='ltr'>Manes</span> <span class='ocrx_word' id='word_1_216' title='bbox 647 3378 749 3437; x_wconf 89' lang='lat' dir='ltr'>veniet</span> <span class='ocrx_word' id='word_1_217' title='bbox 760 3377 833 3436; x_wconf 89' lang='lat' dir='ltr'>mihi</span> <span class='ocrx_word' id='word_1_218' title='bbox 846 3378 926 3437; x_wconf 81' lang='lat' dir='ltr'>lama</span> <span class='ocrx_word' id='word_1_219' title='bbox 939 3379 994 3437; x_wconf 88' lang='lat' dir='ltr'>sub</span> <span class='ocrx_word' id='word_1_220' title='bbox 1008 3379 1092 3440; x_wconf 90' lang='lat' dir='ltr'>imos.</span> 
     </span>
    </p>

    <p class='ocr_par' dir='ltr' id='par_1_18' title="bbox 241 3469 1043 3547">
     <span class='ocr_line' id='line_1_33' title="bbox 241 3469 1043 3547; baseline 0 -16"><span class='ocrx_word' id='word_1_221' title='bbox 241 3472 300 3531; x_wconf 92' lang='lat' dir='ltr'>His</span> <span class='ocrx_word' id='word_1_222' title='bbox 314 3472 444 3531; x_wconf 91' lang='lat' dir='ltr'>medium</span> <span class='ocrx_word' id='word_1_223' title='bbox 458 3472 546 3532; x_wconf 90' lang='lat' dir='ltr'>dictis</span> <span class='ocrx_word' id='word_1_224' title='bbox 560 3489 728 3531; x_wconf 76' lang='lat' dir='ltr'>samonem</span> <span class='ocrx_word' id='word_1_225' title='bbox 742 3469 898 3547; x_wconf 89' lang='lat' dir='ltr'>abrumpit,</span> <span class='ocrx_word' id='word_1_226' title='bbox 915 3480 945 3529; x_wconf 87' lang='lat' dir='ltr'>et</span> <span class='ocrx_word' id='word_1_227' title='bbox 958 3490 1043 3531; x_wconf 88' lang='lat' dir='ltr'>auras</span> 
     </span>
    </p>

    <p class='ocr_par' dir='ltr' id='par_1_19' title="bbox 240 3563 983 3641">
     <span class='ocr_line' id='line_1_34' title="bbox 240 3563 983 3641; baseline 0 -19"><span class='ocrx_word' id='word_1_228' title='bbox 240 3565 336 3640; x_wconf 86' lang='lat' dir='ltr'>Aegra</span> <span class='ocrx_word' id='word_1_229' title='bbox 350 3564 430 3641; x_wconf 79' lang='lat' dir='ltr'>fugit,</span> <span class='ocrx_word' id='word_1_230' title='bbox 446 3583 538 3641; x_wconf 91' lang='lat' dir='ltr'>seque</span> <span class='ocrx_word' id='word_1_231' title='bbox 552 3582 589 3623; x_wconf 85' lang='lat' dir='ltr'>ex</span> <span class='ocrx_word' id='word_1_232' title='bbox 603 3564 698 3623; x_wconf 88' lang='lat' dir='ltr'>oculis</span> <span class='ocrx_word' id='word_1_233' title='bbox 711 3563 816 3623; x_wconf 81' lang='lat' dir='ltr'>avertit</span> <span class='ocrx_word' id='word_1_234' title='bbox 829 3564 983 3637; x_wconf 83' lang='lat' dir='ltr'>etauiert,</span> 
     </span>
    </p>

    <p class='ocr_par' dir='ltr' id='par_1_20' title="bbox 240 3654 1210 3924">
     <span class='ocr_line' id='line_1_35' title="bbox 240 3654 1210 3733; baseline 0.004 -19"><span class='ocrx_word' id='word_1_235' title='bbox 240 3654 392 3733; x_wconf 90' lang='lat' dir='ltr'>Linquens</span> <span class='ocrx_word' id='word_1_236' title='bbox 406 3659 498 3715; x_wconf 88' lang='lat' dir='ltr'>multa</span> <span class='ocrx_word' id='word_1_237' title='bbox 511 3666 592 3715; x_wconf 90' lang='lat' dir='ltr'>metu</span> <span class='ocrx_word' id='word_1_238' title='bbox 605 3666 797 3716; x_wconf 89' lang='lat' dir='ltr'>cunctantem</span> <span class='ocrx_word' id='word_1_239' title='bbox 809 3666 841 3717; x_wconf 89' lang='lat' dir='ltr'>et</span> <span class='ocrx_word' id='word_1_240' title='bbox 854 3656 946 3715; x_wconf 88' lang='lat' dir='ltr'>multa</span> <span class='ocrx_word' id='word_1_241' title='bbox 959 3667 1113 3733; x_wconf 88' lang='lat' dir='ltr'>parantem</span> <span class='ocrx_word' id='word_1_242' title='bbox 1174 3687 1210 3724; x_wconf 75' lang='lat'>³90</span> 
     </span>
     <span class='ocr_line' id='line_1_36' title="bbox 240 3749 1073 3826; baseline 0.002 -20"><span class='ocrx_word' id='word_1_243' title='bbox 240 3749 356 3809; x_wconf 92' lang='lat' dir='ltr'>Dicere.</span> <span class='ocrx_word' id='word_1_244' title='bbox 400 3749 570 3824; x_wconf 90' lang='lat' dir='ltr'>Suscipiunt</span> <span class='ocrx_word' id='word_1_245' title='bbox 582 3749 719 3822; x_wconf 87' lang='lat' dir='ltr'>famulae,</span> <span class='ocrx_word' id='word_1_246' title='bbox 733 3749 925 3826; x_wconf 86' lang='lat' dir='ltr'>collapsaque</span> <span class='ocrx_word' id='word_1_247' title='bbox 940 3751 1073 3808; x_wconf 90' lang='lat' dir='ltr'>membra</span> 
     </span>
     <span class='ocr_line' id='line_1_37' title="bbox 240 3842 1050 3924; baseline -0.001 -24"><span class='ocrx_word' id='word_1_248' title='bbox 240 3843 409 3902; x_wconf 90' lang='lat' dir='ltr'>Marmoreo</span> <span class='ocrx_word' id='word_1_249' title='bbox 424 3843 552 3901; x_wconf 85' lang='lat' dir='ltr'>referunt</span> <span class='ocrx_word' id='word_1_250' title='bbox 565 3842 696 3903; x_wconf 88' lang='lat' dir='ltr'>thalamo</span> <span class='ocrx_word' id='word_1_251' title='bbox 710 3843 868 3919; x_wconf 85' lang='lat' dir='ltr'>stratisque</span> <span class='ocrx_word' id='word_1_252' title='bbox 882 3852 1050 3924; x_wconf 71' lang='lat' dir='ltr'>reponunt,</span> 
     </span>
    </p>
   </div>
   <div class='ocr_carea' id='block_1_9' title="bbox 0 0 1514 4700">
    <p class='ocr_par' dir='ltr' id='par_1_21' title="bbox 0 0 1514 4700">
     <span class='ocr_line' id='line_1_38' title="bbox 0 0 1514 4700; baseline 0 3"><span class='ocrx_word' id='word_1_253' title='bbox 0 0 1514 4700; x_wconf 95' lang='lat' dir='ltr'> </span> 
     </span>
    </p>
   </div>
  </div>
 </body>
</html>
