3017 4700
589 385 750 463 nsnnrnos
770 377 873 436 nter.
1164 394 1218 456 133

246 538 394 598 Mirantur
407 537 489 598 dona
502 539 631 612 Aeneae,
647 537 790 598 mirantur
805 540 904 599 Iulum

246 634 477 709 Flagrantesque
491 629 540 690 dei
554 633 651 707 vultus
669 630 868 709 simulataque
881 634 981 708 verba,
1184 661 1222 700 ,ιο

247 727 420 801 Pallamque
434 735 464 784 et
478 723 591 800 pictum
605 741 712 786 croceo
726 723 862 786 velamen
877 727 1014 800 acantho.

247 819 408 894 Praecipue
423 816 532 891 infelix,
548 817 624 894 pesti
639 818 749 878 devota
762 819 883 894 futurae,

248 911 367 988 Expleri
381 921 511 970 mentem
526 911 630 986 nequit
643 911 828 988 ardescitque
843 913 956 974 tuendo

248 1004 419 1077 Phoenissa,
435 1015 465 1064 et
478 1002 587 1081 pariter
599 1020 692 1080 puero
707 1003 854 1081 donisque
867 1016 1010 1067 movetur.
1056 1055 1068 1068 ,,

249 1099 305 1180 Ille
318 1097 370 1157 ubi
383 1099 540 1174 complexu
554 1098 677 1156 Aeneae
690 1098 830 1174 colloque
843 1096 987 1175 pependit

249 1192 288 1249 Et
301 1209 442 1268 magnum
456 1188 521 1249 falsi
534 1189 669 1266 implevit
681 1189 823 1267 genitoris
838 1210 977 1267 amorem,

249 1283 395 1359 Reginam
409 1283 491 1360 petit.
534 1286 623 1342 Haec
637 1283 740 1357 oculis,
755 1283 830 1344 haec
844 1296 965 1361 pectore
980 1295 1047 1346 toto

249 1377 363 1436 Haeret
377 1387 407 1436 et
420 1376 567 1450 interdum
581 1376 694 1453 greniio
707 1378 796 1451 louet,
812 1376 906 1438 inscia
920 1378 1011 1452 Dido,

248 1469 382 1550 insideat
396 1480 524 1546 quantus
539 1470 662 1530 miserae
676 1470 757 1530 deus.
802 1472 844 1529 At
857 1487 971 1532 memor
985 1471 1034 1532 ille

249 1563 355 1622 Matris
369 1562 522 1622 Acidaliae
537 1563 678 1640 paulatim
693 1563 993 1641 abolerersychaeum

248 1655 367 1733 Incipit,
384 1667 414 1715 et
427 1655 495 1715 vivo
509 1666 605 1717 tentat
618 1667 802 1733 praevertere
817 1676 917 1717 amore

247 1751 316 1825 Jarn
329 1749 444 1826 pridem
458 1749 569 1809 resides
583 1748 699 1808 animos
714 1750 895 1826 desuetaque
910 1748 1009 1810 corda.

289 1845 451 1920 Postquam
464 1842 559 1920 prima
573 1842 657 1919 quies
671 1842 774 1919 epulis,
790 1853 1124 1919 mensaequeremotae,
1141 1849 1143 1856 ⁴

249 1937 385 1996 Crateras
399 1955 523 2013 magnos
538 1947 669 1996 statuunt
683 1935 795 1996 ctrina
809 1947 961 1996 coronant.

248 2028 297 2088 Fit
311 2028 449 2106 strepitus
463 2029 557 2102 tectis,
572 2047 736 2104 vocemque
750 2047 804 2104 per
817 2029 917 2104 ampla
930 2029 1065 2094 volutant

247 2121 350 2196 Atria,
370 2123 542 2198 dependent
555 2121 655 2198 lychni
670 2121 858 2198 laquearibus
873 2119 967 2180 aureis

247 2215 377 2288 Incensi,
392 2225 423 2274 et
436 2217 556 2274 noctem
570 2213 821 2273 flammisfunalia
834 2207 964 2273 vincunt

242 2307 310 2378 ‚Hic
324 2307 425 2386 regina
437 2326 556 2386 gravem
570 2307 696 2387 gemmis
709 2327 842 2385 auroque
856 2306 993 2385 poposcit

248 2404 447 2479 implevitque
461 2418 543 2462 mero
557 2414 697 2479 pateram,
713 2420 805 2479 quam
819 2402 908 2461 Belus
921 2412 951 2471 et
965 2418 1070 2462 omnes

248 2498 277 2555 A
291 2497 365 2556 Belo
380 2496 477 2569 soliti;
496 2506 560 2555 tum
574 2496 652 2555 facta
665 2494 781 2555 silentia
792 2495 895 2555 tectis:

246 2588 390 2666 Juppiter‚
406 2588 573 2665 hospitibus
585 2606 655 2647 nam
670 2599 699 2648 te
714 2590 785 2649 dare
798 2591 863 2665 jura
877 2590 1046 2665 loquuntur,

248 2684 342 2743 Hunc
355 2683 466 2741 laetum
479 2680 635 2760 Tyriisque
649 2680 729 2741 diem
743 2684 893 2759 Trojaque
908 2681 1047 2759 profectis

147 2793 149 2796 ·
250 2777 322 2835 Esse
336 2774 419 2848 velis,
436 2764 613 2849 nostrosque
626 2774 714 2851 hujus
728 2775 899 2835 meminisse
913 2776 1051 2835 minores.

249 2867 336 2928 Adsit
350 2867 478 2952 laetitiae
492 2868 626 2926 Bacchus
641 2869 734 2942 dator,
750 2878 780 2927 et
793 2866 875 2929 bona
888 2870 988 2945 Jun0,

223 2947 288 3029 1ΧΕῐ
301 2981 365 3035 vos,
376 2982 403 3037 o,
415 2971 541 3033 coetum,
557 2957 647 3037 Tyrii,
663 2962 811 3020 celebrate
825 2948 1018 3049 faventesh

249 3054 340 3128 Dixit,
356 3065 387 3113 et
400 3054 430 3111 in
445 3072 578 3112 mensam
593 3052 714 3113 laticum
728 3053 831 3113 libavit
845 3055 997 3128 honorem,

247 3147 414 3223 Primaque,
430 3147 531 3219 libato,
547 3165 664 3205 summo
677 3157 764 3206 tenus
779 3145 874 3221 attigit
889 3166 958 3221 ore,

247 3242 326 3299 Turn
340 3230 434 3301 Bitiae
448 3238 532 3313 dedit
546 3238 746 3315 increpitans,
764 3237 812 3297 ille
827 3238 950 3315 impiger
964 3239 1061 3301 hausit

247 3336 440 3410 Spumantem
454 3342 595 3409 pateram,
611 3342 641 3389 et
654 3331 745 3407 pleno
760 3350 792 3391 se
806 3332 914 3407 proluit
931 3312 1021 3407 auroi

248 3428 321 3485 Post
334 3426 383 3486 alii
398 3442 542 3502 proceres.
586 3424 708 3484 Cithara
721 3423 843 3506 crinitus
859 3427 949 3501 Iopas
1185 3456 1222 3494 ⁷40
1254 3460 1259 3475 ι

247 3519 392 3579 Personat
406 3529 513 3592 aurata,
529 3517 632 3576 docuit
646 3531 735 3592 quem
750 3516 896 3576 maximus
911 3518 1003 3577 Atlas.

247 3612 310 3671 Hic
324 3612 405 3671 canit
418 3620 564 3671 errantem
577 3609 679 3669 lunam
693 3609 823 3685 solisque
837 3610 953 3670 labores
966 3592 994 3685 3⁸

228 3717 230 3721 '
246 3706 338 3765 Unde
353 3703 506 3764 hominum
519 3721 613 3780 genus
627 3712 658 3764 et
671 3702 821 3778 pecudes;
841 3703 920 3762 unde
936 3702 1030 3763 imber
1044 3713 1073 3763 et
1087 3701 1186 3779 ignes;

246 3800 404 3859 Arcturum
417 3795 591 3875 pluviasque
601 3795 730 3875 Hyadas
743 3795 938 3873 geminosque
952 3794 1077 3855 Triones
1088 3815 1097 3868 ;
