3017 4700
594 420 750 465 AENEIDOS
772 420 830 464 LIB.
854 421 886 465 11.

256 565 400 640 Substitit,
416 567 561 627 erravitne
575 565 631 640 via,
647 585 699 626 seu
712 566 792 627 lassa
806 566 925 641 resedit,

255 664 425 735 Incertum3
444 679 501 719 nec
514 670 583 736 post
597 654 688 719 oculis
702 669 748 719 est
762 659 878 720 reddita
893 660 1009 721 nostris.

256 756 321 813 Nec
336 753 418 830 prius
432 753 570 812 amissam
585 753 702 829 respexi
716 753 905 829 animumque
920 753 1028 827 reflexi,

255 849 352 922 Quam
367 847 510 906 tumulum
525 846 662 922 antiquae
677 847 794 907 Cereris
809 848 969 924 sedemque
984 856 1130 908 sacratam

253 938 398 999 Venimus
409 914 486 1035 ,lhic
501 939 620 998 demum
633 939 767 999 collectis
781 940 918 999 omnibus
932 959 991 1000 una
1040 998 1046 1051 ἱ

255 1032 365 1106 Defuit,
374 1041 412 1094 ‚et
427 1031 551 1090 comites
566 1040 727 1108 natumque
741 1031 894 1109 virumque
908 1033 1017 1092 fefellit
1043 1055 1048 1117 ᾗ

254 1125 353 1200 Quem
368 1144 428 1184 non
443 1123 575 1183 incusavi
590 1142 692 1183 amens
706 1124 919 1201 hominumque
933 1126 1125 1202 deomn'rque,

256 1221 318 1277 Aut
332 1217 404 1294 quid
419 1217 449 1276 iu
464 1235 568 1275 eversa
580 1216 642 1276 vidi
656 1207 804 1278 crudelius
818 1217 911 1278 urbe?

256 1310 419 1370 Ascanium
433 1309 645 1384 Anchisenque
659 1319 773 1386 patrem
788 1312 980 1387 Teucrosque
996 1313 1123 1372 Penates

255 1403 443 1464 Commendo
458 1403 548 1462 sociis
563 1413 593 1462 et
608 1421 697 1470 curva
710 1403 787 1462 valle
802 1404 954 1479 recond03

255 1499 326 1573 Ipse
340 1498 445 1556 urbem
459 1505 561 1572 repeto
576 1506 606 1555 et
620 1495 723 1573 cingor
736 1496 915 1573 fulgentibus
928 1497 1024 1556 armis.

256 1592 321 1650 Stat
334 1609 420 1650 casus
435 1608 576 1649 renovare
590 1607 703 1662 omnes,
719 1607 898 1666 omnemque
913 1591 1020 1650 reverti

256 1685 314 1742 Per
326 1684 456 1759 Trojam‚
472 1691 503 1742 et
516 1701 616 1742 rursus
631 1691 720 1758 caput
734 1682 885 1760 objectare
899 1683 1025 1760 periclis.

296 1775 445 1852 Principio
459 1794 559 1839 muros
573 1775 758 1851 obscuraque
774 1775 875 1835 limina
889 1787 1001 1853 portae,

256 1871 324 1944 Qua
336 1886 469 1947 gressum
484 1867 654 1940 extuleram,
671 1877 783 1944 repeto,
800 1877 830 1928 et
843 1869 969 1946 vestigia
983 1879 1062 1930 retro

256 1963 421 2022 Observata
432 1954 543 2036 ’sequor
555 1979 610 2036 per
623 1971 741 2020 noctem
757 1969 787 2020 et
800 1961 910 2020 lumine
925 1963 1025 2022 lustro.

257 2056 371 2113 Horror
384 2050 494 2128 ubique
508 2053 632 2125 animos,
647 2052 734 2111 simul
749 2053 815 2130 ipsa
829 2053 948 2113 silentia
962 2064 1081 2114 terrent.
1195 2078 1232 2116 ⁷⁵⁵

208 2153 214 2164 ’
257 2146 333 2206 Inde
347 2145 477 2218 domum,
494 2146 519 2226 si
533 2145 609 2204 forte
623 2145 741 2221 pedem,
757 2144 783 2205 si
797 2144 871 2205 forte
886 2146 1010 2220 tulisset,

257 2242 310 2299 Me
324 2239 426 2298 refero.
470 2241 619 2299 Irrueraut
634 2237 740 2311 Danai,
757 2249 786 2298 et
800 2249 913 2299 tectum
927 2259 1017 2301 omne
1031 2241 1182 2301 tenebant.

257 2333 344 2394 Ilicet
358 2332 433 2411 ignis
447 2332 524 2392 edax
538 2352 654 2393 summa
667 2332 705 2393 ad
720 2331 837 2412 fastigia
850 2343 940 2394 vento

256 2426 412 2499 Volvitur,
432 2437 610 2502 exsuperant
623 2426 769 2500 flammae,
785 2426 854 2487 furit
867 2439 965 2488 aestus
979 2428 1018 2488 ad
1032 2447 1127 2488 auras.

258 2519 392 2579 Procedo
407 2528 437 2577 et
451 2519 560 2577 Priami
573 2519 662 2579 sedes
676 2538 834 2597 arcemque
849 2521 954 2581 reviso.
1042 2514 1045 2519 “
1196 2538 1233 2586 760

258 2615 296 2674 Et
314 2615 376 2690 jam
391 2612 552 2689 porticibus
566 2613 666 2673 vacuis
680 2615 808 2690 Junonis
823 2615 906 2692 asylo

259 2707 407 2767 Custodes
422 2704 490 2765 lecti
505 2706 639 2765 Phoenix
653 2717 683 2768 et
697 2708 779 2768 dirus
794 2707 901 2768 Ulixes

259 2800 401 2860 Praedam
416 2800 620 2860 adservabant.
665 2803 735 2860 Huc
749 2802 882 2878 undique
897 2799 988 2860 Troia
1000 2818 1075 2879 gaza

260 2894 396 2953 lucensis
410 2903 513 2969 erepta
526 2893 630 2971 adytis,
646 2912 828 2970 mensaeque
843 2895 974 2966 deorum,

260 2987 456 3061 Crateresque
471 3005 543 3045 auro
557 2986 653 3059 solidi,
670 2986 845 3063 captivaque
859 2986 951 3047 vestis
1198 2996 1233 3047 7⁶5

261 3078 444 3157 congeritur.
489 3079 575 3137 Pueri
589 3089 619 3138 et
633 3079 760 3155 pavidae
774 3080 865 3157 longo
879 3078 983 3139 ordine
998 3087 1107 3137 matres

261 3173 347 3232 Stant
359 3172 478 3232 circum.

259 3267 358 3325 Ausus
373 3265 443 3341 quin
458 3264 547 3324 etiam
559 3282 650 3324 voces
668 3264 780 3342 jactare
794 3282 847 3340 per
860 3262 995 3323 umbram

260 3358 387 3435 Implevi
401 3359 530 3417 clamore
545 3358 616 3430 viaS,
631 3366 823 3433 maestusque
839 3358 982 3416 Creusam

260 3451 472 3528 Nequidquam
485 3449 673 3527 ingeminans
686 3450 851 3525 itemmque
865 3449 1030 3525 iterumque
1043 3446 1155 3508 vocavi.
1199 3474 1236 3511 ⁷⁷0

260 3545 421 3620 Quaerenti
437 3555 467 3603 et
482 3544 567 3603 tectis
581 3536 739 3602 urbis'sine
753 3542 814 3601 fine
829 3540 936 3601 furenti

158 3680 162 3687 .
260 3638 368 3698 Infelix
382 3637 573 3698 simulacrum
586 3644 676 3711 atque
691 3635 784 3711 ipsius
799 3635 904 3694 umbra
919 3634 1049 3693 Creusae

259 3731 334 3789 Visa
347 3730 419 3789 mihi
433 3740 502 3788 ante
518 3729 620 3788 oculos
634 3738 665 3787 et
679 3737 751 3786 nota
765 3728 860 3804 major
873 3726 978 3803 imago

261 3823 418 3898 Obstupui,
435 3831 640 3897 steteruntque
655 3840 758 3880 comae
772 3830 802 3879 et
816 3839 875 3880 vox
888 3818 1023 3880 faucibus
1037 3813 1141 3875 haesit.
