3017 4700
289 363 353 428 κου’
535 391 540 400 ·
603 385 629 428 1³.
651 377 791 427 vrncrurr'
804 385 946 430 manours

280 523 423 604 'Quatuor
436 548 473 589 ex
486 528 568 605 omni
582 530 716 590 delectae
730 531 827 591 classe
841 532 965 591 carinae.

196 656 198 659 -
286 623 430 682 Velocem
445 623 623 684 Mnestheus
637 624 698 702 agit
712 625 773 684 acri
787 625 897 704 remige
913 624 1040 698 Pristim,
1120 649 1124 660 ·

256 716 258 720 ’
288 716 362 774 Mox
377 708 471 776 Italus
486 717 670 790 Mnestheus,
685 735 780 793 genus
793 737 812 776 a
826 737 885 794 quo
899 718 1021 778 'nomine
1035 719 1170 794 Memmi¹
1245 733 1247 736 ·

287 810 503 886 Ingentemque
518 811 598 887 Gyas
612 809 726 888 ingenti
739 812 819 870 mole
835 811 1030 885 Chimaeram,

286 902 379 962 Urbis
394 921 479 979 opuS,
494 902 601 978 triplici
614 903 710 979 pubes
724 921 813 979 quam
828 904 969 962 Dardana
981 921 1067 963 versu

286 995 457 1072 Impellunt,
472 1004 558 1054 terno
571 993 753 1074 consurgunt
768 995 872 1054 ordine
886 996 977 1068 remi;

287 1089 510 1164 Sergestusque,
525 1087 633 1147 domus
646 1097 729 1148 tenet
742 1107 762 1146 a
775 1107 834 1164 quo
849 1087 950 1166 Sergia
965 1107 1083 1162 nomen,

286 1182 436 1240 Centauro
449 1178 597 1239 invehitur
609 1182 726 1259 magna,
744 1181 899 1259 Scyllaque
914 1181 1080 1241 Cloanthus

286 1275 312 1333 C
349 1274 438 1351 rulea,
453 1291 549 1351 genus
564 1274 644 1332 unde
658 1273 720 1347 tibi,
736 1275 874 1333 Romane
890 1273 1016 1333 Cluenti.

219 1404 223 1426 ι
254 1389 263 1406 1
325 1365 380 1424 Est
392 1364 495 1441 procul
509 1364 541 1422 in
555 1364 662 1442 pelago
677 1382 781 1437 sanum·
795 1365 961 1441 spumantia
974 1375 1077 1424 contra
1147 1359 1152 1368 ’

183 1449 191 1469 ¹
222 1443 237 1508 ἶ
285 1456 394 1530 Litora,
410 1456 490 1533 quod
505 1456 626 1515 tumidis
640 1456 826 1516 submersum
841 1457 973 1516 tunditur
986 1457 1056 1516 olim

285 1549 447 1623 Fluctibus,
462 1547 580 1640 hiberni
594 1549 728 1608 condunt
740 1549 792 1608 ubi
807 1549 904 1609 sidera
918 1550 989 1610 Cori
1002 1571 1013 1624 ς

284 1643 459 1720 Tranquillo
473 1641 548 1714 silet,
564 1640 744 1718 immotaque
759 1641 902 1702 attollitur
915 1643 996 1702 unda

285 1737 417 1814 Campus
432 1746 462 1795 et
475 1733 583 1812 apricis
598 1734 685 1794 statio
698 1734 863 1813 gratissima
877 1734 994 1814 mergis.

203 1869 206 1873 ‹
286 1829 347 1889 Hic
361 1829 486 1889 viridem
502 1830 620 1887 Aeneas
634 1827 785 1888 frondenti
800 1847 836 1888 ex
850 1829 916 1888 ilice
931 1837 1040 1888 metam

285 1922 449 1982 Constituit
463 1914 579 2000 signum
594 1921 691 1980 nautis
705 1931 798 1998 pater,
814 1923 894 1981 unde
909 1921 1015 1981 reverti

283 2017 398 2077 Scirent
412 2026 442 2077 et
456 2016 564 2094 longos
577 2015 629 2074 ubi
643 2015 874 2075 circumflectere
888 2034 997 2075 cursus.
1020 2057 1023 2062 ,

283 2111 360 2169 Tum
376 2110 442 2169 loca
456 2117 536 2169 sorte
550 2109 661 2186 legunt,
676 2107 792 2184 ipsique
807 2109 838 2166 in
852 2099 1001 2186 puppibus
1015 2127 1087 2169 auro

284 2203 433 2262 Ductores
447 2202 538 2280 longe
552 2199 695 2278 effulgent
708 2210 848 2276 ostroque
863 2201 983 2276 decori;

284 2297 393 2356 Cetera
405 2296 537 2374 populea
549 2293 663 2354 velatur
676 2293 782 2353 fronde
792 2295 932 2373 juventus
985 2364 988 2367 ,

208 2461 210 2464 ¹
284 2390 481 2465 Nudatosque
495 2390 636 2447 humeros
649 2387 719 2445 oleo
732 2387 852 2463 perfusa
865 2387 1022 2469 nitescit-:J

284 2481 455 2544 Considunt
468 2480 613 2554 transtris,
629 2480 803 2555 intentaque
817 2479 937 2539 brachia
951 2470 1039 2539 remis
1046 2501 1055 2554 ;

283 2576 396 2635 intenti
410 2567 585 2652 exspectant
598 2573 726 2651 signum,
741 2571 976 2648 exsultantiaque
990 2572 1086 2632 haurit

283 2668 384 2728 Corda
398 2686 491 2744 pavor
505 2667 625 2744 pulsans
640 2666 820 2741 laudumque
834 2675 946 2724 arrecta
959 2658 1075 2743 cupido.

283 2760 361 2819 Inde
375 2760 426 2819 ubi
441 2742 520 2819 clara
534 2758 618 2818 dedit
631 2758 763 2817 sonitum
778 2758 858 2831 tuba,
874 2757 983 2819 finibus
997 2776 1109 2831 omnes

284 2853 376 2911 Haud
391 2871 481 2925 mora,
496 2850 660 2929 prosiluere
677 2850 758 2926 suis;
777 2848 845 2911 serit
858 2852 979 2911 aethera
992 2852 1103 2911 clamor

283 2945 436 3018 Nauticus,
452 2945 589 3004 adductis
603 2955 743 3022 spumant
757 2946 831 3005 freta
844 2964 929 3005 versa
943 2944 1067 3005 lacertis.

283 3038 439 3097 Infindunt
452 3038 561 3124 pariter
574 3038 682 3111 sulcos,
697 3048 852 3116 totumque
867 3038 994 3099 dehiscit

283 3132 468 3191 Convulsum
481 3131 570 3191 remis
584 3132 745 3209 rostrisque
759 3132 937 3193 tridentibus
951 3150 1068 3208 aequor.

268 3215 354 3283 'Non
369 3234 430 3282 tam
444 3222 620 3300 praecipites
633 3224 735 3303 bijugo
749 3226 911 3285 certamine
925 3242 1063 3301 campum

283 3315 460 3392 Corripuere
474 3325 620 3392 ruuntque
635 3317 720 3376 effusi
734 3336 851 3377 carcere
865 3336 976 3391 currus,

283 3408 348 3468 Nec
362 3408 406 3467 sic
420 3408 560 3468 immissis
574 3409 690 3485 aurigae
704 3410 849 3470 undantia
863 3402 926 3469 lora

282 3502 470 3561 Concussere
482 3501 561 3579 jugis
574 3502 720 3578 pronique
734 3503 765 3560 in
779 3503 902 3562 verbera
915 3502 1055 3579 pendent.

282 3594 359 3663 Tum
374 3594 480 3671 plausu
493 3594 670 3669 fremituque
683 3595 778 3653 virum
793 3595 957 3671 studiisque
971 3596 1121 3655 faventum

283 3687 439 3746 Consonat
453 3705 542 3746 omne
556 3704 670 3759 nemus,
685 3706 849 3763 vocemque
863 3685 978 3747 inclusa
991 3689 1126 3747 volutant

282 3778 393 3853 Litora,
408 3778 516 3856 pulsati
529 3779 622 3839 colles
636 3779 950 3840 clamoreresultant-.
1145 3822 1151 3829 -
1188 3800 1192 3809 ·
1220 3808 1255 3845 150
