3017 4700
311 404 366 461 116
624 420 649 463 r».
669 419 966 462 vinornnmnnours

306 564 442 642 Tydide!
463 583 550 624 mene
566 564 665 626 Iliacis
679 567 855 626 occumbere
870 564 981 642 campis

103 721 114 747 Ι
133 710 139 742 5
190 716 199 739 Ι
307 657 380 716 Non
393 657 524 733 potuisse
539 669 648 760 tuaqup
662 657 791 717 animam
805 659 883 718 hanc
897 658 1046 718 effundere
1060 659 1170 732 derina,

16 715 166 830 sigini,
172 739 255 820 {M
306 750 417 809 Saevus
431 749 482 810 ubi
497 727 647 811 Aeacideie
661 752 722 811 telo
732 752 814 830 jacet
828 753 951 824 Hector,
967 751 1018 811 ubi
1032 749 1136 827 ingens

308 818 471 920 Suptdon,
486 843 538 903 ubi
552 855 597 905 tot
610 811 718 914 Sirnbis
732 853 867 921 correpta
880 845 934 904 sub
949 843 1035 904 undis

262 958 266 964 ·
308 937 399 996 Scuta
411 936 504 996 virum
518 939 676 1014 galeasque
691 948 721 997 et
735 938 822 997 fortia
836 957 960 1014 corpora
973 936 1084 997 volvit?

346 1028 432 1088 Talia
444 1031 571 1106 jactanti
582 1029 707 1090 stridens
722 1031 872 1106 Aquilone
886 1030 1017 1108 procella

304 1122 413 1180 Velum
429 1124 552 1182 adversa
564 1124 638 1197 serit,
654 1124 818 1199 fluctusque
832 1124 870 1182 ad
886 1123 981 1183 sidera
994 1123 1079 1184 tollit.

305 1216 577 1292 Frangunturremi
588 1239 597 1290 3
618 1227 680 1276 tum
693 1235 782 1292 prora
795 1215 906 1289 avertit,
922 1226 952 1275 et
965 1216 1053 1275 undis
1179 1205 1182 1212 ’

306 1309 368 1368 Dat
382 1308 476 1383 latus3
497 1308 661 1386 insequitur
674 1311 793 1368 cumulo
807 1319 978 1386 praeruptus
993 1327 1088 1384 aquae
1102 1298 1225 1413 monss
1243 1339 1278 1375 ,ος

306 1401 350 1459 Hi
365 1420 481 1460 summo
495 1400 526 1460 in
540 1401 631 1460 fluctu
645 1402 797 1478 pendent;
817 1401 862 1460 his
876 1401 957 1460 unda
971 1401 1127 1460 dehiscens
1233 1449 1238 1462 r
1340 1449 1353 1481 r

289 1494 428 1552 ¹Terram
443 1493 519 1552 inter
532 1493 638 1553 fluctus
653 1494 765 1571 aperit,
785 1493 854 1554 furit
867 1505 949 1570 aestu
978 1493 1082 1576 arenis,
1122 1517 1151 1560 2:
1192 1499 1228 1552 ts
1257 1547 1266 1554 i.
1295 1527 1298 1535 ·
1326 1495 1356 1530 '·'
1402 1535 1435 1582 f-

304 1587 379 1644 Tres
394 1588 493 1645 Notus
508 1587 645 1662 abreptas
660 1587 690 1645 in
705 1607 777 1646 saxa
790 1586 911 1646 latentia
925 1513 1092 1663 (libbet'ss-
1126 1655 1130 1664 ⁸
1166 1629 1168 1634 -

306 1680 384 1737 Saxa
396 1691 505 1739 vocant
521 1679 590 1739 Itali
605 1679 710 1739 mediis
724 1699 800 1756 quae
814 1679 845 1738 in
858 1679 995 1739 fluctibus
1009 1682 1136 1738 Aras—

305 1770 435 1832 Dor'sum
449 1772 577 1832 immane
592 1772 664 1832 mari
678 1791 815 1847 summo;
835 1780 895 1832 tres
910 1774 1003 1830 Eurus
1017 1774 1055 1832 ab
1070 1773 1130 1832 alto

304 1867 343 1923 In
357 1865 459 1924 brevia
472 1876 503 1926 et
517 1867 616 1942 Syrtes
629 1864 953 1942 urguet-miserabile
968 1865 1082 1924 visu—

304 1957 457 2036 Illiditque
472 1960 555 2019 vadis
570 1969 658 2036 atque
672 1977 776 2035 aggere
790 1957 881 2035 cingit
895 1977 1012 2017 arenae.

303 2051 413 2125 Unam,
430 2071 505 2128 quae
517 2051 625 2129 Lycios
638 2053 789 2128 fidumque
802 2040 929 2110 vehebat
943 2052 1088 2124 Oronten,

302 2143 401 2221 Ipsius
416 2155 485 2204 ante
498 2147 601 2213 oculos
615 2145 720 2222 ingens
734 2163 752 2204 a
764 2143 873 2204 vertice
887 2155 995 2221 pontus

302 2240 340 2296 In
355 2239 479 2316 puppim
493 2239 575 2315 ferit:
596 2238 740 2298 excutitur
753 2257 923 2315 pronusque
937 2238 1077 2314 magister

301 2332 438 2393 Volvitur
452 2332 482 2393 in
496 2342 605 2410 caput3
626 2343 670 2391 ast
684 2331 765 2391 illam
779 2343 823 2393 ter
836 2331 941 2391 fluctus
956 2330 1067 2390 ibidem

301 2413 436 2504 Torquet
450 2446 540 2503 agens
555 2427 674 2498 circum,
690 2436 720 2485 et
733 2425 853 2501 rapidus
866 2435 949 2484 vorat
963 2444 1092 2501 aequore
1106 2435 1215 2483 vertere

262 2490 456 2597 sApparent
470 2520 527 2579 rari
541 2530 646 2578 nantes
660 2517 692 2577 in
705 2519 819 2595 gurgite
833 2530 924 2592 vasto,

301 2615 394 2673 Arma
407 2615 510 2688 vimm,
526 2614 712 2688 tabulaeque,
729 2622 758 2671 et
772 2610 862 2671 Troia
875 2631 948 2689 gaza
961 2630 1014 2689 per
1025 2611 1177 2703 undass

300 2708 369 2783 Jam
382 2708 511 2767 validam
526 2706 633 2765 Ilionei
647 2699 763 2779 na'vem,
775 2705 837 2784 Jam
851 2704 933 2763 fortis
948 2705 1091 2777 Achatae,

301 2801 340 2859 Et
355 2819 414 2876 qua
427 2811 529 2860 vectus
541 2800 634 2872 Abas
650 2805 681 2858 et
695 2818 753 2875 qua
766 2798 949 2875 grandaevus
964 2798 1074 2870 Aletes,

299 2890 381 2952 Vicit
395 2892 508 2968 hiems,
528 2892 602 2951 laxis
616 2893 740 2951 latemm
754 2890 948 2967 compagibus
963 2909 1065 2949 omnes

282 2977 284 2980 ¹
299 2985 460 3062 Accipiunt
473 2986 625 3046 inimicum
639 2984 772 3057 imbrem,
787 2984 926 3059 rimisque
940 2982 1085 3043 fatiscunt.
1188 2988 1206 3007 ⁸

339 3081 460 3139 Interea
473 3088 582 3157 magno
596 3078 712 3139 misceri
725 3096 872 3136 murmure
885 3086 1019 3153 pontum,

299 3171 505 3249 Emissamque
518 3171 647 3232 hiemem
661 3170 753 3231 sensit
767 3172 924 3245 Neptunus
939 3178 968 3227 et
982 3167 1048 3226 imis

299 3265 412 3341 Stagna
424 3266 521 3325 refusa
532 3265 624 3339 vadis,
639 3263 767 3343 graviter
780 3272 945 3323 commotus
958 3283 964 3320 :
984 3271 1015 3320 et
1028 3260 1089 3321 alto
1136 3280 1149 3327 ·,

299 3358 493 3435 Prospiciens,
509 3378 624 3419 summa
636 3358 786 3436 placidum
800 3365 890 3433 caput
903 3355 1005 3416 extulit
1018 3354 1105 3413 unda

298 3449 462 3529 Disjectam
476 3454 597 3511 Aeneae
611 3463 676 3511 toto
689 3452 771 3512 videt
785 3467 912 3525 aequore
927 3448 1060 3519 classem,

298 3543 451 3604 Fluctibus
465 3563 624 3621 oppressos
637 3547 733 3605 Troas
746 3543 882 3620 coelique
896 3540 989 3613 ruina,

297 3638 363 3696 Nec
377 3637 487 3696 latuere
502 3637 564 3697 doli
578 3638 695 3697 fratrem
708 3636 837 3714 Junonis
851 3647 881 3696 et
895 3635 963 3695 irae.

192 3740 196 3749 ’
297 3730 408 3788 Eurum
423 3730 460 3789 ad
475 3749 508 3789 se
522 3733 747 3808 Zephyrumque
762 3741 858 3805 vocat,
874 3728 982 3789 dehinc
996 3726 1065 3787 talia
1079 3727 1172 3787 latur:

336 3822 473 3883 Tantane
487 3843 541 3884 vos
555 3825 671 3903 generis
685 3825 781 3887 tenuit
794 3824 903 3887 fiducia
916 3822 1024 3883 vestri?
1093 3849 1098 3862 ·
