3017 4700
551 412 789 459 erumnosus.
812 411 852 462 Ἧι

217 559 358 640 Prospexi
373 558 491 621 Italiam
506 577 622 620 summa
635 557 769 620 sublimis
783 556 923 619 abunda

217 656 364 717 Paulatim
377 655 527 716 adnabam
541 663 656 725 terrae;
672 653 735 728 jam
749 661 813 728 puta
825 649 974 724 tenebam,

217 748 257 808 Ni
270 767 344 826 gens
358 745 487 810 crudelis
501 744 623 810 madida
635 763 704 808 cum
717 754 800 804 veste
814 753 966 820 gravamm

216 843 469 916 Prensantemque
481 837 568 904 raucis
581 837 720 900 menibus
732 836 833 914 cupita
846 855 949 914 aspera
962 833 1072 897 montis

216 936 306 997 Ferro
319 931 483 1005 invasisset,
499 931 699 1008 praedamque
712 929 814 1007 muare
827 939 966 1006 putasset

217 1030 305 1087 Nunc
319 1045 368 1086 me
381 1025 489 1089 fluctus
502 1025 602 1098 habet,
617 1034 794 1100 versantque
807 1022 839 1084 in
853 1022 938 1084 litore
952 1020 1039 1090 venti.

217 1120 307 1195 Quod
320 1131 351 1180 te
365 1138 418 1196 per
430 1117 507 1180 coeli
519 1117 684 1194 jncundum
697 1117 798 1179 lumen
812 1126 843 1179 et
856 1133 949 1190 aures,

218 1216 274 1274 Per
287 1212 452 1290 genitorem
466 1230 527 1285 oro,
542 1230 596 1288 per
609 1230 678 1288 spes
693 1209 836 1287 surgentis
851 1209 917 1282 Iuli,

217 1306 306 1384 Eripe
320 1325 368 1366 me
382 1305 437 1379 his,
452 1303 570 1378 invicte,
585 1303 688 1366 malis:
709 1313 760 1366 eut
773 1313 805 1362 tu
819 1301 891 1362 mihi
905 1311 1012 1362 terram

134 1394 138 1409 '
158 1414 162 1419 ·
217 1399 322 1477 Injice,
336 1391 466 1476 namque
480 1408 574 1475 potes,
589 1407 753 1474 portusque
767 1395 881 1472 require
895 1393 1040 1470 Velinum

216 1495 278 1552 Aut
291 1502 332 1566 tu,
348 1491 372 1552 si
386 1511 445 1568 qua
458 1491 506 1551 via
518 1501 573 1564 est,
587 1489 614 1552 si
627 1509 717 1566 quam
730 1488 786 1556 tibi
800 1487 870 1554 diva
884 1487 1007 1556 creatrix

217 1585 511 1661 Ostendit-neque
524 1583 612 1657 enim,
627 1582 726 1657 oeno.
743 1581 806 1648 siue
820 1581 942 1649 numius
957 1580 1059 1646 divum

217 1678 354 1738 Flumina
368 1688 449 1737 tanta
462 1697 549 1755 paras
561 1677 753 1755 sugg-'emique
765 1675 867 1737 inuare
882 1674 1021 1751 paludem
1029 1705 1070 1718 -

218 1774 268 1831 Da
281 1772 414 1833 dextram
427 1769 543 1843 misero,
558 1780 703 1841 ettecum
716 1787 765 1834 me
780 1768 851 1832 tolie
865 1787 918 1844 per
930 1766 1035 1840 undas,

218 1864 343 1929 Sedibus
357 1874 390 1923 ut
403 1863 509 1922 saitem
521 1861 646 1938 placidis
660 1861 691 1922 in
705 1871 801 1922 morte
815 1859 974 1936 quiescam.
1062 1907 1067 1920 ,

219 1957 306 2016 Talia
319 1957 396 2018 fatus
408 1965 479 2027 emt,
494 1954 595 2030 coepit
609 1973 701 2030 quum
714 1953 785 2020 tffie
797 1963 897 2015 vates:

221 2050 312 2111 Unde
326 2050 409 2122 haec,
425 2066 443 2107 ο
458 2046 605 2120 Palinure,
620 2045 750 2113 ubitam
764 2045 828 2113 dise
841 2044 970 2122 cupido?

219 2146 268 2202 Tu
281 2141 395 2219 stygias
408 2141 579 2208 mbumsms
592 2157 684 2215 equas
699 2157 877 2216 amnemque
891 2155 1024 2201 severum

220 2234 420 2305 Eumenidum
434 2231 589 2309 adspicies,
604 2230 735 2308 ripamve
748 2231 876 2308 injussus
890 2229 1006 2300 adibis?

220 2328 332 2389 Desine
346 2327 407 2387 fata
420 2326 510 2391 deum
519 2324 602 2388 flecti
614 2342 732 2401 sperare
746 2324 903 2405 precando.

219 2422 279 2483 Sed
293 2439 369 2498 cape
382 2419 463 2482 dicta
475 2437 598 2493 memor,
613 2417 679 2478 duri
692 2418 798 2485 solatia
811 2436 903 2486 casus.

220 2517 299 2574 Nam
313 2524 365 2573 tua
378 2511 503 2585 finitimi,
517 2512 606 2589 longe
619 2512 737 2589 lateque
751 2511 905 2589 per-urbes

220 2606 365 2685 Prodigiis
378 2605 438 2668 aeti
450 2604 637 2680 comeatibus,
652 2624 721 2669 ossa
733 2606 866 2683 piebem,

221 2704 259 2761 Et
273 2711 402 2761 statuent
415 2700 568 2772 tumultun,
582 2708 614 2759 et
627 2699 741 2763 tumulo
755 2698 911 2763 sollemnia
923 2697 1050 2773 mittem,
1166 2762 1169 2767 ,

221 2797 442 2869 Aeternumque
453 2793 538 2857 locus
553 2791 683 2858 Palinuri
695 2812 807 2858 nomen
820 2793 951 2859 habebit„

221 2887 282 2947 His
295 2885 382 2946 dictis
396 2904 484 2947 curae
496 2896 623 2959 emotae,
635 2887 799 2963 putansque
813 2904 970 2964 parumper

222 2980 321 3041 Corde
336 2980 422 3039 dolor
436 2978 528 3053 tristi3
547 2979 657 3056 gaudet
671 2980 851 3057 cognomine
865 2991 967 3069 terre-l

262 3075 341 3149 Ergo
354 3071 410 3131 iter
422 3071 573 3149 inceptum
586 3084 732 3150 peragunt
744 3074 894 3150 fluvioque
908 3071 1116 3150 propinquant

222 3165 331 3227 Navita
345 3184 420 3242 quos
432 3167 495 3241 jaro
508 3164 579 3229 inde
592 3176 626 3225 ut
641 3167 743 3246 stygia
755 3165 907 3243 prospexit
921 3166 959 3227 ab
973 3165 1055 3225 unda
1155 3179 1190 3231 aus

221 3263 278 3319 Per
291 3257 412 3321 tacitum
425 3277 531 3322 tremus
545 3257 587 3318 ire
600 3260 768 3336 pedemque
783 3259 935 3323 advertere
947 3257 1037 3335 ripae,

222 3351 271 3412 Sic
285 3352 364 3429 prior
378 3350 544 3428 aggreditur
557 3352 653 3426 dictis,
668 3362 757 3428 atque
771 3350 904 3427 increpat
917 3352 1013 3415 uitro:
1088 3352 1091 3357 '

221 3444 362 3521 Quisquis
376 3463 417 3518 es,
433 3456 562 3509 armatam
576 3444 628 3521 qui
641 3455 744 3510 nomia
757 3444 795 3505 ad
809 3442 932 3511 flumine
944 3442 1051 3516 tendis,

220 3540 294 3598 Fare
308 3556 371 3615 age,
387 3537 459 3614 quid
473 3538 583 3612 venias,
597 3539 660 3615 jam
672 3536 769 3611 istinc,
783 3547 814 3597 et
827 3536 988 3615 comprime
1002 3552 1141 3614 gressum

220 3632 401 3691 Umbrarum
415 3630 464 3691 hie
478 3632 562 3693 locus
576 3641 630 3704 est,
644 3630 748 3692 Somni
763 3629 929 3707 Noctisque
944 3648 1088 3708 soporae3
1155 3654 1192 3693 ³90

221 3726 355 3802 Corpora
367 3723 436 3786 viva
448 3723 533 3786 nefas
547 3723 646 3801 Stygia
658 3734 776 3787 vectare
785 3723 894 3787 ‚carine

221 3818 285 3878 Nec
299 3835 370 3878 vero
385 3815 511 3880 Alciden
526 3836 575 3879 me
588 3834 655 3880 sum
668 3818 793 3882 laetatus
806 3826 926 3891 euntem
