3017 4700
319 431 357 493 54
651 427 677 471 Ρ.
699 426 800 472 ovum
821 425 956 471 ursolus

319 579 417 638 Causa
430 575 496 636 viae
511 577 628 653 coniux,
644 575 675 634 in
690 593 780 652 quam
794 575 908 634 calcata
920 591 1068 634 venenum

317 669 429 746 Vipera
443 668 561 729 diffudit
575 679 802 745 crescentesque
816 666 938 728 abstulit
951 685 1054 726 annos.

318 765 411 822 Posse
425 761 487 840 pati
501 761 589 835 volui,
605 780 661 822 nec
675 781 723 821 me
737 771 868 821 tentasse
883 762 1019 838 negab03
1265 787 1289 826 ες

317 854 397 916 Vicit
408 856 509 914 Amor.
545 856 656 932 Supera
670 855 744 914 deus
758 853 807 914 hic
820 855 899 914 bene
913 864 1003 914 notus
1017 853 1048 912 in
1062 869 1115 914 ora
1128 863 1192 927 est;

318 951 367 1008 An
383 947 420 1008 sit
435 958 464 1008 et
479 947 535 1021 hic,
552 948 664 1020 dubito,
681 948 734 1007 sed
748 958 779 1008 et
793 947 841 1006 hic
855 956 956 1006 tamen
970 963 1096 1024 auguror
1109 963 1194 1020 esse;

319 1043 470 1118 Famaque
485 1041 509 1100 si
523 1039 630 1102 veteris
645 1059 706 1100 non
722 1050 767 1100 est
780 1040 904 1100 mentita
919 1039 1048 1117 rapinae,

317 1136 382 1194 Vos
392 1153 512 1211 quoque
524 1133 622 1211 junxit
632 1136 732 1192 Amor.
770 1137 827 1193 Per
837 1153 893 1212 ego
907 1135 981 1193 haec
992 1135 1059 1193 loca
1070 1134 1158 1210 plena
1168 1131 1289 1204 timoris,

319 1231 375 1287 Per
391 1228 483 1287 chaos
501 1228 560 1288 hoc
576 1228 680 1304 ingens
694 1227 829 1304 vastique
844 1227 961 1287 silentia
974 1224 1064 1304 regni,
1267 1255 1292 1293 ³0

319 1320 488 1398 Eurydices,
505 1340 566 1394 oro,
581 1330 738 1398 properata
753 1320 874 1381 retexite
888 1322 965 1380 sata!

319 1413 428 1474 Omnia
442 1414 585 1474 debemur
598 1413 693 1488 vobis,
708 1415 899 1491 paullumque
914 1412 1027 1487 morati,

318 1505 416 1567 Serius
431 1517 481 1567 aut
495 1507 581 1566 citius
596 1508 698 1567 sedem
713 1525 905 1584 properamus
919 1507 957 1567 ad
971 1525 1068 1566 unam.

319 1599 485 1659 Tendimus
501 1599 559 1659 huc
574 1618 687 1673 omnes,
703 1601 778 1660 haec
792 1609 837 1660 est
851 1599 958 1659 domus
972 1600 1083 1673 ultima,
1098 1616 1211 1675 vosque

320 1691 453 1751 Humani
468 1691 583 1769 generis
598 1692 772 1770 longissima
785 1711 874 1770 regna
887 1692 1002 1752 tenetis.
1139 1757 1142 1764 ,

320 1788 407 1845 Haec
422 1804 552 1862 quoque,
569 1805 659 1862 quum
671 1786 768 1866 justos
782 1796 896 1846 matura
909 1782 1053 1862 peregerit
1067 1802 1170 1858 annos,

318 1878 397 1955 Juris
412 1877 466 1938 erit
480 1877 588 1952 vestri,
607 1897 661 1956 pro
676 1897 797 1939 munere
811 1878 961 1955 poscimus
975 1897 1069 1938 usum.

320 1971 410 2045 Quod
426 1970 450 2030 si
464 1972 524 2031 sata
538 1983 648 2049 negant
661 1971 779 2032 veniam
794 1990 848 2049 pro
862 1973 998 2049 conjuge,
1014 1981 1126 2031 certum
1140 1981 1185 2032 est

320 2064 410 2123 Nolle
424 2063 518 2130 redire
533 2064 623 2124 mihi:
644 2065 705 2124 leto
718 2065 846 2142 gaudete
861 2065 994 2124 duorum

320 2155 406 2216 Talia
420 2158 569 2218 dicentem
583 2176 751 2234 nervosque
765 2157 804 2218 ad
818 2159 909 2218 verba
922 2168 1092 2217 moventem

285 2315 287 2320 ,
321 2251 492 2328 Exsangues
507 2250 619 2311 flebant
634 2250 769 2311 animae:
789 2269 846 2310 nec
860 2252 1004 2310 Tantalus
1018 2251 1129 2312 undam

320 2343 459 2421 Captavit
472 2345 614 2423 refugam,
630 2345 802 2422 stupuitque
818 2343 931 2405 Ixionis
945 2343 1034 2419 orbis,

320 2440 386 2498 Nec
401 2457 534 2515 carpsere
546 2440 630 2513 jecur
642 2440 786 2511 volucres,
801 2437 940 2515 urnisque
953 2449 1094 2499 vacarunt

320 2529 447 2604 Belides,
463 2530 553 2607 inque
565 2542 619 2590 tuo
634 2530 743 2604 sedisti,
760 2530 892 2609 Sisyphe,
909 2549 988 2590 saxo.

321 2624 407 2682 Tunc
421 2622 547 2700 primum
562 2622 689 2683 lacrimis
703 2623 846 2684 victarum
860 2624 991 2684 carmine
1004 2625 1083 2683 fama
1097 2633 1142 2684 est

322 2715 519 2776 Eumenidum
535 2716 684 2777 maduisse
698 2735 808 2793 genas3
829 2736 885 2777 nec
899 2715 979 2794 regia
992 2717 1103 2793 conjux

321 2808 453 2869 Sustinet
468 2810 563 2869 oranti
578 2828 642 2883 nec,
660 2810 709 2887 qui
724 2810 798 2887 regit
812 2810 880 2885 ima,
896 2829 1012 2889 negare,

323 2901 549 2980 Eurydicenque
564 2913 680 2963 vocant.
725 2904 855 2963 Umbras
869 2914 931 2963 erat
944 2902 995 2963 illa
1008 2913 1143 2964 recentes

322 2998 413 3069 Inter,
429 3005 459 3054 et
473 2994 594 3055 incessit
608 3014 698 3072 passu
712 2996 750 3055 de
764 2997 884 3056 vulnere
899 2997 992 3056 tardo.

322 3092 412 3150 Hanc
428 3090 514 3151 simul
529 3102 559 3151 et
572 3092 668 3169 legem
684 3092 881 3169 Rhodopeius
896 3091 1004 3170 accipit
1017 3093 1114 3167 heros,

322 3186 352 3243 N
354 3204 370 3244 e
385 3184 484 3245 flectat
498 3195 574 3244 retro
590 3204 642 3244 sua
656 3186 776 3259 lumina,
793 3186 890 3246 donec
905 3189 1039 3247 Avernas

323 3276 434 3338 Exierit
447 3278 539 3337 valles
546 3300 555 3352 3
575 3289 626 3338 aut
640 3278 718 3339 irrita
733 3279 814 3339 dona
822 3280 930 3339 'sutura

324 3370 461 3447 Carpitur
475 3370 594 3430 acclivis
608 3390 661 3448 per
674 3382 758 3432 muta
771 3371 889 3433 silentia
901 3384 1019 3446 trames,

323 3464 450 3537 Arduus,
467 3464 619 3537 obscurus,
635 3464 759 3541 caligine
774 3466 883 3526 densus
897 3484 999 3543 opaca

323 3558 389 3616 Nec
403 3557 506 3633 procul
521 3557 674 3617 abfuerant
688 3556 799 3617 telluris
813 3558 944 3636 margine
958 3576 1110 3618 summae:
1273 3586 1296 3624 ss

324 3648 394 3724 Hic,
410 3668 448 3709 ne
462 3649 610 3723 deficeret,
625 3659 769 3724 metuens,
785 3650 948 3728 avidusque
962 3650 1083 3712 videndi

324 3740 420 3802 Flexit
435 3761 537 3801 amans
552 3744 674 3817 oculos;
695 3753 724 3803 et
738 3742 872 3820 protinus
885 3744 936 3803 illa
952 3746 1068 3821 relapsa
1081 3754 1134 3818 est,

324 3834 506 3912 Brachiaque
521 3834 687 3913 intendens,
701 3836 866 3915 prendique
881 3848 911 3898 et
924 3839 1068 3915 prendere
1082 3846 1214 3915 captans,
