3017 4700
307 400 344 460 74
622 401 802 454 1³.,v1RGIL11
824 403 965 448 unnours
1035 428 1037 432 -

304 549 472 622 Terrasque
487 556 654 622 tractusque
668 548 757 608 maris
771 549 945 624 coelumque
959 549 1147 626 profundum,

305 639 446 716 Adspice,
461 649 586 699 venturo
600 641 746 700 laetantur
759 651 791 700 ut
804 642 904 700 omnia
917 643 1036 702 saeclo!

305 734 333 792 Ο
348 731 420 789 mihi
434 741 494 791 tam
508 733 614 810 longae
628 743 747 799 maneat
761 753 829 810 pars
843 733 946 794 ultima
959 735 1045 809 vitae,
1137 783 1140 787 »

306 825 431 901 Spiritus
445 835 482 898 et,
499 836 642 900 quantum
657 835 703 885 sat
717 826 772 886 erit
786 836 836 886 tua
850 826 950 887 dicere
964 828 1059 888 facta:

305 920 375 976 Non
390 937 438 976 me
452 917 629 978 carminibus
643 918 742 978 vincet
756 937 813 978 nec
827 920 972 981 Thracius
987 923 1133 998 Orpheae,
1255 947 1280 986 ss

304 1013 334 1070 N
336 1030 370 1070 ec
385 1011 486 1083 Linus,
502 1011 570 1070 huic
584 1021 678 1070 mater
693 1012 827 1087 quamvis
840 1022 931 1089 atque
945 1014 1014 1074 huic
1027 1025 1112 1092 pater
1125 1015 1212 1089 adsit,

304 1102 418 1179 Orphei
433 1103 595 1180 Calliopea,
611 1103 689 1163 Lino
702 1104 849 1164 formosus
863 1107 983 1181 Apollo.

305 1199 367 1256 Pan
383 1195 480 1269 etiam,
497 1197 627 1256 Arcadia
640 1215 757 1256 mecum
770 1197 796 1256 si
815 1198 915 1273 judice
928 1210 1029 1273 certet,

305 1293 368 1349 Pan
383 1290 471 1349 etiam
486 1289 616 1348 Arcadia
630 1288 710 1348 dicat
724 1309 757 1350 se
774 1291 875 1368 judice
888 1291 1007 1350 victum

288 1385 418 1461 ‘lIncipe,
433 1402 523 1482 pave
538 1401 619 1458 puer,
635 1381 695 1443 risu
708 1401 889 1461 cognoscere
902 1393 1044 1444 matrem:
1207 1389 1210 1394 ’
1256 1401 1282 1439 ⁶0

305 1477 396 1536 Matri
410 1477 500 1553 longa
514 1477 618 1534 decem
634 1476 763 1535 tulerunt
777 1477 895 1536 fastidia
908 1495 1046 1552 menses,

305 1570 417 1645 Incipe,
433 1587 523 1644 parve
538 1587 629 1645 puer:
649 1568 696 1628 cui
710 1587 772 1640 non
786 1568 875 1628 risere
889 1580 1037 1646 parentes,
1122 1597 1125 1603 ·

305 1665 369 1722 Nec
384 1662 458 1722 deus
473 1663 552 1722 hunc
565 1679 675 1736 mensa,
692 1661 750 1721 dea
763 1679 820 1722 nec
833 1661 955 1741 dignata
969 1663 1060 1724 cubili
1074 1670 1181 1787 ests}

661 1975 857 2077 senoch
884 1983 922 2042 v,

678 2143 907 2200 nuruum.

618 2290 793 2334 MENALCAS.
837 2289 966 2334 MOPSUS.

717 2425 872 2463 MENALCAS.

305 2500 377 2558 Cur
391 2515 461 2569 non,
477 2495 595 2569 Mopse,
611 2491 683 2551 boni
699 2490 840 2569 quoniam
853 2490 1048 2561 convenimus
1062 2490 1158 2566 ambo,

304 2593 352 2649 Tu
367 2590 497 2648 calamos
511 2586 613 2645 inflare
627 2584 717 2657 leves,
733 2602 791 2661 ego
806 2583 905 2641 dicere
919 2602 1031 2657 versus,

306 2683 368 2741 Hic
383 2679 489 2759 corylis
503 2678 610 2738 mixtas
624 2677 700 2755 inter
713 2674 897 2736 considimus
911 2676 1027 2736 ulmos?

735 2796 849 2835 Morsus.

305 2869 352 2925 Tu
366 2867 478 2946 major;
499 2863 553 2924 tibi
567 2881 614 2921 me
629 2872 674 2921 est
688 2880 815 2938 aequum
829 2881 940 2940 parere,
956 2862 1105 2936 Menalca,

307 2960 375 3019 Sive
390 2960 445 3019 sub
460 2959 587 3018 incertas
602 2956 743 3034 Zephyris
757 2956 940 3015 motantibus
954 2955 1082 3029 umbras,
1272 2982 1282 3020 s

305 3053 373 3114 Sive
387 3062 471 3112 antro
484 3049 583 3128 potius
598 3048 793 3109 succedimus.
836 3048 977 3125 Adspice,
993 3059 1026 3107 ut
1039 3057 1155 3107 antrum
1194 3061 1197 3067 ·

305 3146 452 3207 Silvestris
467 3143 539 3203 raris
554 3142 659 3219 sparsit
673 3142 810 3201 labrusca
823 3141 955 3200 racemis.

712 3263 865 3301 urunrcns

307 3332 462 3393 Montibus
477 3332 508 3390 in
522 3331 631 3391 nostris
645 3330 727 3391 solus
741 3329 797 3389 tibi
810 3338 904 3389 certat
918 3329 1070 3405 Amyntas.

740 3451 853 3489 MOPSUS.

307 3517 396 3592 Quid,
413 3518 438 3577 si
452 3517 531 3578 idem
546 3526 639 3579 certet
654 3518 809 3589 Phoebum
824 3533 964 3593 superare
978 3514 1137 3575 canendo?

716 3639 869 3677 naunncns
928 3689 931 3694 y

306 3706 421 3784 Incipe,
437 3708 555 3783 Mopse,
570 3706 658 3783 prior,
673 3704 699 3765 si
713 3725 789 3782 quos
802 3714 854 3765 aut
869 3700 1013 3780 Phyllidis
1028 3701 1121 3779 ignes,

306 3802 368 3861 Aut
382 3800 505 3860 Alconis
519 3799 612 3859 habes
626 3798 738 3873 laudes,
754 3807 805 3860 aut
822 3796 919 3877 jurgia
934 3793 1034 3855 Codri.
