3017 4700
307 424 345 482 66
623 437 648 479 r.
667 435 801 478 vinorrrr
823 434 965 478 unaours

731 593 856 630 TITYRUS.

308 665 431 738 Urbem,
447 682 537 740 quam
551 661 653 723 dicunt
668 665 807 737 Romam,
823 661 984 735 Meliboee,
999 661 1101 738 putavi

309 759 421 818 Stultus
435 775 491 834 ego
505 756 574 816 huic
588 767 705 817 nostrae
720 755 854 828 similem,
869 774 930 831 quo
944 774 1034 832 saepe
1047 756 1178 816 solemus

309 854 445 911 Pastores
460 848 559 909 ovium
573 859 690 911 teneros
704 849 854 924 depellere
867 850 952 908 fetus.

310 944 359 1004 Sic
373 942 495 1003 canibus
510 937 622 1002 catulos
637 941 754 1020 similes,
771 941 814 1001 sic
827 942 968 1001 matribus
982 941 1095 1002 haedos

310 1041 429 1110 Noram,
445 1035 488 1096 sic
501 1035 597 1112 parvis
612 1053 792 1112 componere
805 1054 914 1111 magua
927 1036 1069 1096 solebam

308 1133 420 1189 Verum
435 1129 508 1188 haec
522 1138 635 1188 tantum
650 1127 722 1186 alias
736 1127 813 1188 iuter
826 1139 915 1204 caput
930 1128 1032 1189 extulit
1046 1128 1142 1200 urbes,
1259 1155 1283 1193 ις

310 1223 461 1297 Quantum
475 1223 554 1281 lenta
569 1222 666 1281 solent
679 1220 756 1280 inter
769 1217 895 1281 viburn‘a
907 1220 1046 1299 cupressi.

697 1345 860 1383 MELIBOEUS.

310 1417 348 1473 Et
363 1433 437 1490 quae
452 1423 535 1472 tanta
547 1411 601 1471 suit
616 1414 744 1472 Romam
759 1412 813 1472 tibi
827 1430 931 1472 caussa
944 1410 1086 1471 videndi?

277 1573 280 1580 ,
719 1534 845 1571 rrrrnus

310 1601 443 1662 Libertas
455 1624 464 1676 ;
484 1620 560 1678 quae
576 1619 648 1674 sera,
664 1610 764 1662 tamen
777 1601 905 1676 respexit
919 1601 1051 1672 inertem,

312 1695 476 1756 Candidior
490 1703 648 1770 postquam
662 1693 798 1754 tondenti
812 1694 905 1753 barba
918 1693 1065 1767 cadebat3

310 1788 453 1864 Respexit
468 1798 575 1859 tamen,
591 1797 621 1846 et
634 1787 724 1864 longo
738 1798 807 1864 post
821 1787 954 1864 ternpore
968 1785 1057 1859 venit,
1259 1814 1284 1851 ³0

310 1883 472 1957 Postquam
486 1899 541 1939 nos
556 1881 712 1958 Amaryllis
726 1881 826 1954 habet,
841 1881 967 1940 Galatea
979 1878 1104 1956 reliquit

310 1977 456 2050 Namque,
472 1975 587 2033 fatebor
600 1973 687 2047 enim,
703 1975 775 2034 dum
789 1992 838 2034 me
853 1974 978 2034 Galatea
991 1974 1122 2045 tenebat,

310 2071 375 2127 Nec
390 2086 457 2144 spes
471 2066 613 2127 libertatis
627 2076 696 2140 erat,
713 2085 770 2128 nec
783 2086 854 2126 cura
866 2067 973 2144 peculi

310 2162 453 2236 Quamvis
468 2162 560 2220 multa
573 2159 647 2220 meis
660 2160 751 2221 exiret
764 2160 885 2220 victima
898 2159 1017 2236 saeptis,

310 2256 430 2333 Pinguis
445 2265 475 2315 et
488 2255 619 2332 ingratae
633 2265 814 2330 premeretur
827 2272 930 2313 caseus
945 2252 1019 2326 urbi,

310 2353 380 2410 Non
395 2369 535 2427 umquam
548 2347 644 2426 gravis
658 2366 727 2407 aere
741 2348 864 2408 domurn
876 2345 948 2406 mihi
963 2347 1067 2407 dextm
1080 2343 1203 2405 redibat.

713 2470 877 2507 MELIBOEUS.

310 2539 449 2610 Mirabar,
465 2536 537 2614 quid
551 2546 665 2595 maesta
679 2536 762 2609 deos,
777 2536 929 2612 Amarylli,
944 2554 1087 2609 vocares,

310 2632 366 2692 Cui
381 2633 510 2707 pendere
525 2648 577 2688 sua
590 2629 731 2705 patereris
738 2628 774 2709 'in
790 2630 896 2687 arbore
909 2647 1017 2705 poma:

308 2724 425 2804 Tityrus
439 2724 509 2783 hinc
522 2723 632 2781 aberat.
675 2723 764 2798 Ipsae
777 2732 816 2794 te,
832 2721 940 2798 Tityre,
956 2721 1052 2797 pinus,
1102 2752 1108 2763 ·

310 2818 373 2894 Ipsi
387 2828 416 2877 te
431 2818 536 2889 fontes,
551 2815 617 2892 ipsa
630 2815 704 2875 haec
718 2815 837 2874 arbusta
849 2816 1007 2875 vocabant.

726 2938 852 2977 rrrrnus

309 3008 391 3083 Quid
404 3009 549 3067 lacerem?
570 3023 667 3082 neque
682 3004 802 3065 servitio
815 3023 863 3064 me
877 3004 956 3064 exire
970 3003 1087 3079 licebat,

309 3104 375 3161 Nec
386 3111 446 3160 tam
460 3110 630 3177 praesentes
645 3097 715 3157 alibi
729 3116 911 3174 cognoscere
924 3098 1018 3158 divos.

309 3195 370 3255 Hic
385 3194 466 3253 illum
480 3193 541 3253 vidi
553 3194 701 3269 juvenem,
719 3191 881 3265 Meliboee,
896 3190 1070 3268 quotannis

309 3289 358 3348 Bis
373 3306 460 3347 senos
475 3287 522 3346 cui
537 3290 637 3345 nostia
651 3285 714 3344 dies
729 3284 832 3344 altaria
844 3285 966 3345 fumant.

309 3381 370 3441 Hic
385 3380 457 3440 mihi
470 3397 643 3456 responsum
657 3377 768 3455 primus
782 3377 865 3437 dedit
878 3378 928 3437 ille
942 3375 1074 3455 petenti:

308 3474 433 3547 Pascite,
448 3482 480 3531 ut
494 3482 571 3545 ante,
587 3472 688 3543 boves,
703 3471 795 3547 pueri,
811 3470 974 3530 submittite
987 3480 1095 3529 tauros.

711 3593 876 3631 MELIBOEUS.

309 3666 469 3724 Fortunate
484 3672 583 3735 senex,
599 3678 669 3739 ergo
684 3670 734 3718 tua
747 3678 815 3717 rura
827 3660 999 3732 manebunt,

309 3760 347 3816 Et
358 3756 411 3817 tibi
425 3774 533 3832 magna
546 3753 624 3827 satis,
641 3750 774 3831 quamvis
788 3752 863 3829 lapis
877 3751 978 3812 omnia
991 3750 1089 3811 nudus

308 3850 489 3926 Limosoque
504 3848 588 3926 palus
602 3847 732 3907 obducat
745 3864 857 3923 pascua
867 3846 978 3925 junco!
