<?xml version="1.0" encoding="UTF-8"?>
<!DOCTYPE html PUBLIC "-//W3C//DTD XHTML 1.0 Transitional//EN"
    "http://www.w3.org/TR/xhtml1/DTD/xhtml1-transitional.dtd">
<html xmlns="http://www.w3.org/1999/xhtml" xml:lang="en" lang="en">
 <head>
  <title>
</title>
<meta http-equiv="Content-Type" content="text/html;charset=utf-8" />
  <meta name='ocr-system' content='tesseract 3.04.00' />
  <meta name='ocr-capabilities' content='ocr_page ocr_carea ocr_par ocr_line ocrx_word'/>
</head>
<body>
  <div class='ocr_page' id='page_1' title='image "./selectionsfromo01virggoog_0064.png"; bbox 0 0 3017 4700; ppageno 0'>
   <div class='ocr_carea' id='block_1_1' title="bbox 309 407 945 468">
    <p class='ocr_par' dir='ltr' id='par_1_1' title="bbox 309 407 945 468">
     <span class='ocr_line' id='line_1_1' title="bbox 309 407 945 468; baseline 0 -16"><span class='ocrx_word' id='word_1_1' title='bbox 309 407 344 468; x_wconf 81' lang='lat'>52</span> <span class='ocrx_word' id='word_1_2' title='bbox 506 439 508 443; x_wconf 68' lang='lat'>,</span> <span class='ocrx_word' id='word_1_3' title='bbox 641 407 666 452; x_wconf 69' lang='grc' dir='ltr'>Ρ.</span> <span class='ocrx_word' id='word_1_4' title='bbox 688 407 788 452; x_wconf 84' lang='lat' dir='ltr'>ovum</span> <span class='ocrx_word' id='word_1_5' title='bbox 810 408 945 452; x_wconf 75' lang='lat' dir='ltr'>nasonis</span> 
     </span>
    </p>
   </div>
   <div class='ocr_carea' id='block_1_2' title="bbox 228 551 1161 3881">
    <p class='ocr_par' dir='ltr' id='par_1_2' title="bbox 306 551 1159 813">
     <span class='ocr_line' id='line_1_2' title="bbox 307 551 1159 630; baseline 0.002 -17"><span class='ocrx_word' id='word_1_6' title='bbox 307 551 488 629; x_wconf 87' lang='lat' dir='ltr'>Concipiunt</span> <span class='ocrx_word' id='word_1_7' title='bbox 503 551 668 630; x_wconf 87' lang='lat' dir='ltr'><strong>Baucisque</strong></span> <span class='ocrx_word' id='word_1_8' title='bbox 681 573 787 630; x_wconf 85' lang='lat' dir='ltr'>preces</span> <span class='ocrx_word' id='word_1_9' title='bbox 801 552 979 630; x_wconf 89' lang='lat' dir='ltr'>timidusque</span> <span class='ocrx_word' id='word_1_10' title='bbox 994 552 1159 628; x_wconf 81' lang='lat' dir='ltr'>Philemon,</span> 
     </span>
     <span class='ocr_line' id='line_1_3' title="bbox 306 644 1052 723; baseline 0.004 -19"><span class='ocrx_word' id='word_1_11' title='bbox 306 646 345 704; x_wconf 90' lang='lat' dir='ltr'>Et</span> <span class='ocrx_word' id='word_1_12' title='bbox 359 644 475 705; x_wconf 90' lang='lat' dir='ltr'>veniam</span> <span class='ocrx_word' id='word_1_13' title='bbox 491 645 616 723; x_wconf 88' lang='lat' dir='ltr'>dapibus</span> <span class='ocrx_word' id='word_1_14' title='bbox 631 646 780 723; x_wconf 88' lang='lat' dir='ltr'>nullisque</span> <span class='ocrx_word' id='word_1_15' title='bbox 794 646 945 723; x_wconf 86' lang='lat' dir='ltr'>paratibus</span> <span class='ocrx_word' id='word_1_16' title='bbox 960 658 1052 708; x_wconf 84' lang='lat' dir='ltr'>orant</span> 
     </span>
     <span class='ocr_line' id='line_1_4' title="bbox 306 737 1023 813; baseline 0.004 -16"><span class='ocrx_word' id='word_1_17' title='bbox 306 737 423 798; x_wconf 85' lang='lat' dir='ltr'>Unicus</span> <span class='ocrx_word' id='word_1_18' title='bbox 437 757 523 798; x_wconf 91' lang='lat' dir='ltr'>anser</span> <span class='ocrx_word' id='word_1_19' title='bbox 537 749 606 812; x_wconf 88' lang='lat' dir='ltr'>erat,</span> <span class='ocrx_word' id='word_1_20' title='bbox 623 738 764 798; x_wconf 86' lang='lat' dir='ltr'>minimae</span> <span class='ocrx_word' id='word_1_21' title='bbox 778 739 915 800; x_wconf 89' lang='lat' dir='ltr'>custodia</span> <span class='ocrx_word' id='word_1_22' title='bbox 928 739 1023 813; x_wconf 84' lang='lat' dir='ltr'>villae,</span> 
     </span>
    </p>

    <p class='ocr_par' dir='ltr' id='par_1_3' title="bbox 306 831 1081 1002">
     <span class='ocr_line' id='line_1_5' title="bbox 306 831 1081 910; baseline 0.005 -20"><span class='ocrx_word' id='word_1_23' title='bbox 306 832 404 906; x_wconf 86' lang='lat' dir='ltr'>Quem</span> <span class='ocrx_word' id='word_1_24' title='bbox 419 832 465 891; x_wconf 92' lang='lat' dir='ltr'>dis</span> <span class='ocrx_word' id='word_1_25' title='bbox 479 831 646 908; x_wconf 90' lang='lat' dir='ltr'>hospitibus</span> <span class='ocrx_word' id='word_1_26' title='bbox 661 831 775 892; x_wconf 90' lang='lat' dir='ltr'>domini</span> <span class='ocrx_word' id='word_1_27' title='bbox 789 844 917 891; x_wconf 90' lang='lat' dir='ltr'>mactare</span> <span class='ocrx_word' id='word_1_28' title='bbox 931 834 1081 910; x_wconf 81' lang='lat' dir='ltr'>parabant</span> 
     </span>
     <span class='ocr_line' id='line_1_6' title="bbox 306 923 916 1002; baseline 0.003 -19"><span class='ocrx_word' id='word_1_29' title='bbox 306 923 361 983; x_wconf 92' lang='lat' dir='ltr'>Ille</span> <span class='ocrx_word' id='word_1_30' title='bbox 376 924 454 983; x_wconf 90' lang='lat' dir='ltr'>celer</span> <span class='ocrx_word' id='word_1_31' title='bbox 467 943 566 1002; x_wconf 90' lang='lat' dir='ltr'>penna</span> <span class='ocrx_word' id='word_1_32' title='bbox 580 925 680 985; x_wconf 89' lang='lat' dir='ltr'>tardos</span> <span class='ocrx_word' id='word_1_33' title='bbox 694 935 792 986; x_wconf 84' lang='lat' dir='ltr'>aetate</span> <span class='ocrx_word' id='word_1_34' title='bbox 806 925 916 1002; x_wconf 84' lang='lat' dir='ltr'>fatigat,</span> 
     </span>
    </p>

    <p class='ocr_par' dir='ltr' id='par_1_4' title="bbox 306 1015 1039 1188">
     <span class='ocr_line' id='line_1_7' title="bbox 306 1015 1039 1095; baseline 0.005 -21"><span class='ocrx_word' id='word_1_35' title='bbox 306 1015 466 1093; x_wconf 90' lang='lat' dir='ltr'>Eluditque</span> <span class='ocrx_word' id='word_1_36' title='bbox 481 1018 540 1091; x_wconf 90' lang='lat' dir='ltr'>diu,</span> <span class='ocrx_word' id='word_1_37' title='bbox 556 1019 736 1094; x_wconf 86' lang='lat' dir='ltr'>tandemque</span> <span class='ocrx_word' id='word_1_38' title='bbox 751 1030 796 1078; x_wconf 89' lang='lat' dir='ltr'>est</span> <span class='ocrx_word' id='word_1_39' title='bbox 809 1017 889 1078; x_wconf 89' lang='lat' dir='ltr'>visus</span> <span class='ocrx_word' id='word_1_40' title='bbox 903 1018 943 1078; x_wconf 91' lang='lat' dir='ltr'>ad</span> <span class='ocrx_word' id='word_1_41' title='bbox 956 1019 1039 1095; x_wconf 92' lang='lat' dir='ltr'>ipsos</span> 
     </span>
     <span class='ocr_line' id='line_1_8' title="bbox 306 1109 983 1188; baseline 0.004 -19"><span class='ocrx_word' id='word_1_42' title='bbox 306 1109 483 1186; x_wconf 81' lang='lat' dir='ltr'>Confugisse</span> <span class='ocrx_word' id='word_1_43' title='bbox 499 1110 581 1170; x_wconf 80' lang='lat' dir='ltr'>deos</span> <span class='ocrx_word' id='word_1_44' title='bbox 625 1111 729 1188; x_wconf 90' lang='lat' dir='ltr'>Superi</span> <span class='ocrx_word' id='word_1_45' title='bbox 742 1122 863 1171; x_wconf 89' lang='lat' dir='ltr'>vetuere</span> <span class='ocrx_word' id='word_1_46' title='bbox 876 1112 983 1185; x_wconf 86' lang='lat' dir='ltr'>necari,</span> 
     </span>
    </p>

    <p class='ocr_par' dir='ltr' id='par_1_5' title="bbox 305 1201 1051 1380">
     <span class='ocr_line' id='line_1_9' title="bbox 305 1201 1051 1282; baseline 0.004 -21"><span class='ocrx_word' id='word_1_47' title='bbox 305 1201 405 1279; x_wconf 90' lang='lat' dir='ltr'>Dique</span> <span class='ocrx_word' id='word_1_48' title='bbox 420 1223 531 1277; x_wconf 80' lang='lat' dir='ltr'>sumne,</span> <span class='ocrx_word' id='word_1_49' title='bbox 548 1203 726 1280; x_wconf 89' lang='lat' dir='ltr'>meritasque</span> <span class='ocrx_word' id='word_1_50' title='bbox 741 1205 803 1264; x_wconf 92' lang='lat' dir='ltr'>luet</span> <span class='ocrx_word' id='word_1_51' title='bbox 816 1203 925 1264; x_wconf 89' lang='lat' dir='ltr'>vicinia</span> <span class='ocrx_word' id='word_1_52' title='bbox 937 1223 1051 1282; x_wconf 88' lang='lat' dir='ltr'>poenas</span> 
     </span>
     <span class='ocr_line' id='line_1_10' title="bbox 305 1295 972 1380; baseline 0.004 -26"><span class='ocrx_word' id='word_1_53' title='bbox 305 1296 411 1373; x_wconf 88' lang='lat' dir='ltr'>Impia,</span> <span class='ocrx_word' id='word_1_54' title='bbox 428 1295 572 1370; x_wconf 85' lang='lat' dir='ltr'>dixerunt,</span> <span class='ocrx_word' id='word_1_55' title='bbox 587 1296 674 1356; x_wconf 91' lang='lat' dir='ltr'>vobis</span> <span class='ocrx_word' id='word_1_56' title='bbox 688 1296 869 1380; x_wconf 87' lang='lat' dir='ltr'>immunibus</span> <span class='ocrx_word' id='word_1_57' title='bbox 884 1298 972 1374; x_wconf 87' lang='lat' dir='ltr'>hujus</span> 
     </span>
    </p>

    <p class='ocr_par' dir='ltr' id='par_1_6' title="bbox 303 1387 1100 1839">
     <span class='ocr_line' id='line_1_11' title="bbox 305 1387 1100 1466; baseline 0.003 -18"><span class='ocrx_word' id='word_1_58' title='bbox 305 1391 380 1450; x_wconf 90' lang='lat' dir='ltr'>Esse</span> <span class='ocrx_word' id='word_1_59' title='bbox 395 1390 465 1449; x_wconf 89' lang='lat' dir='ltr'>mali</span> <span class='ocrx_word' id='word_1_60' title='bbox 480 1390 614 1450; x_wconf 90' lang='lat' dir='ltr'>dabitur:</span> <span class='ocrx_word' id='word_1_61' title='bbox 633 1390 727 1466; x_wconf 39' lang='lat' dir='ltr'>‚modo</span> <span class='ocrx_word' id='word_1_62' title='bbox 741 1401 838 1450; x_wconf 91' lang='lat' dir='ltr'>vestra</span> <span class='ocrx_word' id='word_1_63' title='bbox 852 1387 1007 1466; x_wconf 86' lang='lat' dir='ltr'>relinquite</span> <span class='ocrx_word' id='word_1_64' title='bbox 1021 1401 1100 1450; x_wconf 87' lang='lat' dir='ltr'>tecta</span> 
     </span>
     <span class='ocr_line' id='line_1_12' title="bbox 303 1483 1089 1560; baseline 0.005 -20"><span class='ocrx_word' id='word_1_65' title='bbox 303 1484 350 1541; x_wconf 91' lang='lat' dir='ltr'>Ac</span> <span class='ocrx_word' id='word_1_66' title='bbox 365 1493 484 1543; x_wconf 91' lang='lat' dir='ltr'>nostros</span> <span class='ocrx_word' id='word_1_67' title='bbox 499 1483 639 1542; x_wconf 86' lang='lat' dir='ltr'>comitate</span> <span class='ocrx_word' id='word_1_68' title='bbox 653 1484 769 1560; x_wconf 70' lang='lat' dir='ltr'>gradus</span> <span class='ocrx_word' id='word_1_69' title='bbox 784 1495 814 1542; x_wconf 91' lang='lat' dir='ltr'>et</span> <span class='ocrx_word' id='word_1_70' title='bbox 828 1483 858 1541; x_wconf 91' lang='lat' dir='ltr'>in</span> <span class='ocrx_word' id='word_1_71' title='bbox 873 1483 965 1542; x_wconf 88' lang='lat' dir='ltr'>ardua</span> <span class='ocrx_word' id='word_1_72' title='bbox 979 1483 1089 1544; x_wconf 89' lang='lat' dir='ltr'>montis</span> 
     </span>
     <span class='ocr_line' id='line_1_13' title="bbox 304 1575 1072 1652; baseline 0.003 -18"><span class='ocrx_word' id='word_1_73' title='bbox 304 1577 352 1634; x_wconf 92' lang='lat' dir='ltr'>Ite</span> <span class='ocrx_word' id='word_1_74' title='bbox 367 1575 471 1636; x_wconf 88' lang='lat' dir='ltr'>simul!</span> <span class='ocrx_word' id='word_1_75' title='bbox 514 1579 622 1636; x_wconf 87' lang='lat' dir='ltr'>Parent</span> <span class='ocrx_word' id='word_1_76' title='bbox 637 1587 674 1649; x_wconf 91' lang='lat' dir='ltr'>et,</span> <span class='ocrx_word' id='word_1_77' title='bbox 690 1575 735 1635; x_wconf 91' lang='lat' dir='ltr'>dis</span> <span class='ocrx_word' id='word_1_78' title='bbox 749 1575 968 1652; x_wconf 87' lang='lat' dir='ltr'>praeeuntibus,</span> <span class='ocrx_word' id='word_1_79' title='bbox 981 1578 1072 1636; x_wconf 88' lang='lat' dir='ltr'>ambo</span> 
     </span>
     <span class='ocr_line' id='line_1_14' title="bbox 305 1668 1098 1745; baseline 0.001 -18"><span class='ocrx_word' id='word_1_80' title='bbox 305 1669 444 1728; x_wconf 86' lang='lat' dir='ltr'>Membra</span> <span class='ocrx_word' id='word_1_81' title='bbox 458 1669 558 1729; x_wconf 86' lang='lat' dir='ltr'>levant</span> <span class='ocrx_word' id='word_1_82' title='bbox 572 1668 693 1742; x_wconf 87' lang='lat' dir='ltr'>baculis,</span> <span class='ocrx_word' id='word_1_83' title='bbox 710 1669 845 1745; x_wconf 88' lang='lat' dir='ltr'>tardique</span> <span class='ocrx_word' id='word_1_84' title='bbox 860 1669 1002 1730; x_wconf 87' lang='lat' dir='ltr'>senilibus</span> <span class='ocrx_word' id='word_1_85' title='bbox 1013 1668 1098 1728; x_wconf 90' lang='lat' dir='ltr'>annis</span> 
     </span>
     <span class='ocr_line' id='line_1_15' title="bbox 305 1761 916 1839; baseline 0.005 -20"><span class='ocrx_word' id='word_1_86' title='bbox 305 1761 447 1821; x_wconf 87' lang='lat' dir='ltr'>Nituntur</span> <span class='ocrx_word' id='word_1_87' title='bbox 461 1763 552 1839; x_wconf 87' lang='lat' dir='ltr'>longo</span> <span class='ocrx_word' id='word_1_88' title='bbox 566 1761 689 1839; x_wconf 83' lang='lat' dir='ltr'>vestigia</span> <span class='ocrx_word' id='word_1_89' title='bbox 703 1781 816 1839; x_wconf 91' lang='lat' dir='ltr'>ponere</span> <span class='ocrx_word' id='word_1_90' title='bbox 830 1761 916 1822; x_wconf 90' lang='lat' dir='ltr'>clivo.</span> 
     </span>
    </p>

    <p class='ocr_par' dir='ltr' id='par_1_7' title="bbox 303 1854 1161 2675">
     <span class='ocr_line' id='line_1_16' title="bbox 304 1854 1161 1933; baseline 0.002 -21"><span class='ocrx_word' id='word_1_91' title='bbox 304 1855 435 1914; x_wconf 91' lang='lat' dir='ltr'>Tantum</span> <span class='ocrx_word' id='word_1_92' title='bbox 450 1858 573 1916; x_wconf 89' lang='lat' dir='ltr'>aberant</span> <span class='ocrx_word' id='word_1_93' title='bbox 588 1861 713 1929; x_wconf 88' lang='lat' dir='ltr'>summo,</span> <span class='ocrx_word' id='word_1_94' title='bbox 730 1866 874 1931; x_wconf 90' lang='lat' dir='ltr'>quantum</span> <span class='ocrx_word' id='word_1_95' title='bbox 888 1857 982 1916; x_wconf 90' lang='lat' dir='ltr'>semel</span> <span class='ocrx_word' id='word_1_96' title='bbox 995 1854 1037 1914; x_wconf 89' lang='lat' dir='ltr'>ire</span> <span class='ocrx_word' id='word_1_97' title='bbox 1052 1855 1161 1933; x_wconf 85' lang='lat' dir='ltr'>sagitta</span> 
     </span>
     <span class='ocr_line' id='line_1_17' title="bbox 305 1945 1065 2025; baseline 0.003 -19"><span class='ocrx_word' id='word_1_98' title='bbox 305 1945 400 2006; x_wconf 91' lang='lat' dir='ltr'>Missa</span> <span class='ocrx_word' id='word_1_99' title='bbox 413 1959 530 2024; x_wconf 92' lang='lat' dir='ltr'>potest:</span> <span class='ocrx_word' id='word_1_100' title='bbox 551 1949 657 2010; x_wconf 84' lang='lat' dir='ltr'>flexere</span> <span class='ocrx_word' id='word_1_101' title='bbox 672 1950 785 2023; x_wconf 91' lang='lat' dir='ltr'>oculos,</span> <span class='ocrx_word' id='word_1_102' title='bbox 801 1959 831 2008; x_wconf 91' lang='lat' dir='ltr'>et</span> <span class='ocrx_word' id='word_1_103' title='bbox 845 1967 943 2008; x_wconf 90' lang='lat' dir='ltr'>mersa</span> <span class='ocrx_word' id='word_1_104' title='bbox 956 1949 1065 2025; x_wconf 89' lang='lat' dir='ltr'>palude</span> 
     </span>
     <span class='ocr_line' id='line_1_18' title="bbox 305 2041 1067 2118; baseline -0.001 -18"><span class='ocrx_word' id='word_1_105' title='bbox 305 2041 413 2102; x_wconf 86' lang='lat' dir='ltr'>Cetera</span> <span class='ocrx_word' id='word_1_106' title='bbox 425 2041 619 2118; x_wconf 84' lang='lat' dir='ltr'>prospiciunt,</span> <span class='ocrx_word' id='word_1_107' title='bbox 640 2051 754 2102; x_wconf 89' lang='lat' dir='ltr'>tantum</span> <span class='ocrx_word' id='word_1_108' title='bbox 777 2061 831 2100; x_wconf 90' lang='lat' dir='ltr'>sua</span> <span class='ocrx_word' id='word_1_109' title='bbox 848 2050 927 2101; x_wconf 87' lang='lat' dir='ltr'>tecta</span> <span class='ocrx_word' id='word_1_110' title='bbox 941 2060 1067 2100; x_wconf 88' lang='lat' dir='ltr'>manere.</span> 
     </span>
     <span class='ocr_line' id='line_1_19' title="bbox 305 2134 1093 2211; baseline -0.001 -19"><span class='ocrx_word' id='word_1_111' title='bbox 305 2135 446 2211; x_wconf 89' lang='lat' dir='ltr'>Dumque</span> <span class='ocrx_word' id='word_1_112' title='bbox 462 2153 497 2194; x_wconf 92' lang='lat' dir='ltr'>ea</span> <span class='ocrx_word' id='word_1_113' title='bbox 511 2134 662 2208; x_wconf 87' lang='lat' dir='ltr'>mirantur,</span> <span class='ocrx_word' id='word_1_114' title='bbox 678 2136 748 2194; x_wconf 92' lang='lat' dir='ltr'>dum</span> <span class='ocrx_word' id='word_1_115' title='bbox 765 2135 877 2194; x_wconf 83' lang='lat' dir='ltr'>deflent</span> <span class='ocrx_word' id='word_1_116' title='bbox 891 2135 951 2194; x_wconf 80' lang='lat' dir='ltr'>fata</span> <span class='ocrx_word' id='word_1_117' title='bbox 965 2153 1093 2207; x_wconf 90' lang='lat' dir='ltr'>suorum,</span> 
     </span>
     <span class='ocr_line' id='line_1_20' title="bbox 304 2226 1047 2305; baseline 0.003 -21"><span class='ocrx_word' id='word_1_118' title='bbox 304 2227 363 2286; x_wconf 88' lang='lat' dir='ltr'>Illa</span> <span class='ocrx_word' id='word_1_119' title='bbox 376 2238 468 2302; x_wconf 88' lang='lat' dir='ltr'>vetus,</span> <span class='ocrx_word' id='word_1_120' title='bbox 486 2227 614 2289; x_wconf 87' lang='lat' dir='ltr'>dominis</span> <span class='ocrx_word' id='word_1_121' title='bbox 630 2226 719 2288; x_wconf 90' lang='lat' dir='ltr'>etiam</span> <span class='ocrx_word' id='word_1_122' title='bbox 733 2247 804 2288; x_wconf 90' lang='lat' dir='ltr'>casa</span> <span class='ocrx_word' id='word_1_123' title='bbox 817 2247 908 2305; x_wconf 90' lang='lat' dir='ltr'>parva</span> <span class='ocrx_word' id='word_1_124' title='bbox 922 2228 1047 2300; x_wconf 90' lang='lat' dir='ltr'>duobus,</span> 
     </span>
     <span class='ocr_line' id='line_1_21' title="bbox 303 2319 1086 2400; baseline 0.004 -22"><span class='ocrx_word' id='word_1_125' title='bbox 303 2319 435 2381; x_wconf 87' lang='lat' dir='ltr'>Vertitur</span> <span class='ocrx_word' id='word_1_126' title='bbox 449 2320 480 2380; x_wconf 93' lang='lat' dir='ltr'>in</span> <span class='ocrx_word' id='word_1_127' title='bbox 495 2324 657 2400; x_wconf 85' lang='lat' dir='ltr'>templum:</span> <span class='ocrx_word' id='word_1_128' title='bbox 678 2322 775 2381; x_wconf 82' lang='lat' dir='ltr'>furcas</span> <span class='ocrx_word' id='word_1_129' title='bbox 790 2320 907 2381; x_wconf 86' lang='lat' dir='ltr'>subiere</span> <span class='ocrx_word' id='word_1_130' title='bbox 921 2321 1086 2394; x_wconf 89' lang='lat' dir='ltr'>columnae,</span> 
     </span>
     <span class='ocr_line' id='line_1_22' title="bbox 306 2398 1057 2489; baseline 0.001 -17"><span class='ocrx_word' id='word_1_131' title='bbox 306 2414 453 2473; x_wconf 88' lang='lat' dir='ltr'>Stramina</span> <span class='ocrx_word' id='word_1_132' title='bbox 467 2415 631 2474; x_wconf 90' lang='lat' dir='ltr'>flavescunt</span> <span class='ocrx_word' id='word_1_133' title='bbox 646 2426 806 2489; x_wconf 88' lang='lat' dir='ltr'>aurataque</span> <span class='ocrx_word' id='word_1_134' title='bbox 821 2398 901 2474; x_wconf 78' lang='lat' dir='ltr'>tecta</span> <span class='ocrx_word' id='word_1_135' title='bbox 913 2413 1057 2487; x_wconf 89' lang='lat' dir='ltr'>videntur,</span> 
     </span>
     <span class='ocr_line' id='line_1_23' title="bbox 306 2507 1083 2583; baseline 0.003 -19"><span class='ocrx_word' id='word_1_136' title='bbox 306 2507 506 2583; x_wconf 87' lang='lat' dir='ltr'>Caelataeque</span> <span class='ocrx_word' id='word_1_137' title='bbox 521 2508 599 2567; x_wconf 86' lang='lat' dir='ltr'>fores</span> <span class='ocrx_word' id='word_1_138' title='bbox 614 2508 815 2583; x_wconf 88' lang='lat' dir='ltr'>adopertaque</span> <span class='ocrx_word' id='word_1_139' title='bbox 831 2525 975 2567; x_wconf 91' lang='lat' dir='ltr'>marmore</span> <span class='ocrx_word' id='word_1_140' title='bbox 990 2508 1083 2567; x_wconf 88' lang='lat' dir='ltr'>tellus.</span> 
     </span>
     <span class='ocr_line' id='line_1_24' title="bbox 304 2598 961 2675; baseline 0.003 -18"><span class='ocrx_word' id='word_1_141' title='bbox 304 2598 391 2657; x_wconf 86' lang='lat' dir='ltr'>Talia</span> <span class='ocrx_word' id='word_1_142' title='bbox 405 2610 467 2658; x_wconf 88' lang='lat' dir='ltr'>tum</span> <span class='ocrx_word' id='word_1_143' title='bbox 481 2599 601 2675; x_wconf 87' lang='lat' dir='ltr'>placido</span> <span class='ocrx_word' id='word_1_144' title='bbox 616 2598 770 2659; x_wconf 88' lang='lat' dir='ltr'>Saturnius</span> <span class='ocrx_word' id='word_1_145' title='bbox 783 2598 878 2659; x_wconf 86' lang='lat' dir='ltr'>edidit</span> <span class='ocrx_word' id='word_1_146' title='bbox 892 2618 961 2659; x_wconf 91' lang='lat' dir='ltr'>ore:</span> 
     </span>
    </p>

    <p class='ocr_par' dir='ltr' id='par_1_8' title="bbox 306 2691 1016 2769">
     <span class='ocr_line' id='line_1_25' title="bbox 306 2691 1016 2769; baseline 0.001 -18"><span class='ocrx_word' id='word_1_147' title='bbox 306 2691 414 2766; x_wconf 84' lang='lat' dir='ltr'>Dicite,</span> <span class='ocrx_word' id='word_1_148' title='bbox 428 2693 507 2768; x_wconf 89' lang='lat' dir='ltr'>juste</span> <span class='ocrx_word' id='word_1_149' title='bbox 522 2712 614 2751; x_wconf 86' lang='lat' dir='ltr'>senex</span> <span class='ocrx_word' id='word_1_150' title='bbox 628 2703 658 2753; x_wconf 90' lang='lat' dir='ltr'>et</span> <span class='ocrx_word' id='word_1_151' title='bbox 672 2692 783 2751; x_wconf 89' lang='lat' dir='ltr'>femina</span> <span class='ocrx_word' id='word_1_152' title='bbox 795 2694 923 2769; x_wconf 83' lang='lat' dir='ltr'>conjuge</span> <span class='ocrx_word' id='word_1_153' title='bbox 935 2694 1016 2769; x_wconf 93' lang='lat' dir='ltr'>justo</span> 
     </span>
    </p>

    <p class='ocr_par' dir='ltr' id='par_1_9' title="bbox 305 2784 1148 3419">
     <span class='ocr_line' id='line_1_26' title="bbox 306 2784 1148 2862; baseline 0.006 -19"><span class='ocrx_word' id='word_1_154' title='bbox 306 2784 413 2861; x_wconf 87' lang='lat' dir='ltr'>Digna,</span> <span class='ocrx_word' id='word_1_155' title='bbox 430 2784 502 2861; x_wconf 91' lang='lat' dir='ltr'>quid</span> <span class='ocrx_word' id='word_1_156' title='bbox 517 2784 632 2861; x_wconf 89' lang='lat' dir='ltr'>optetis.</span> <span class='ocrx_word' id='word_1_157' title='bbox 677 2786 754 2847; x_wconf 91' lang='lat' dir='ltr'>Cum</span> <span class='ocrx_word' id='word_1_158' title='bbox 770 2784 900 2845; x_wconf 89' lang='lat' dir='ltr'>Baucide</span> <span class='ocrx_word' id='word_1_159' title='bbox 914 2804 1010 2862; x_wconf 89' lang='lat' dir='ltr'>pauca</span> <span class='ocrx_word' id='word_1_160' title='bbox 1023 2786 1148 2860; x_wconf 85' lang='lat' dir='ltr'>locutus,</span> 
     </span>
     <span class='ocr_line' id='line_1_27' title="bbox 305 2876 1061 2955; baseline 0.004 -20"><span class='ocrx_word' id='word_1_161' title='bbox 305 2876 456 2953; x_wconf 90' lang='lat' dir='ltr'>Judicium</span> <span class='ocrx_word' id='word_1_162' title='bbox 470 2877 589 2955; x_wconf 88' lang='lat' dir='ltr'>Superis</span> <span class='ocrx_word' id='word_1_163' title='bbox 603 2877 698 2954; x_wconf 90' lang='lat' dir='ltr'>aperit</span> <span class='ocrx_word' id='word_1_164' title='bbox 712 2896 870 2938; x_wconf 90' lang='lat' dir='ltr'>commune</span> <span class='ocrx_word' id='word_1_165' title='bbox 886 2877 1061 2938; x_wconf 89' lang='lat' dir='ltr'>Philemon:</span> 
     </span>
     <span class='ocr_line' id='line_1_28' title="bbox 306 2970 959 3047; baseline 0.002 -18"><span class='ocrx_word' id='word_1_166' title='bbox 306 2970 380 3029; x_wconf 88' lang='lat' dir='ltr'>Esse</span> <span class='ocrx_word' id='word_1_167' title='bbox 395 2971 563 3030; x_wconf 85' lang='lat' dir='ltr'>sacerdotes</span> <span class='ocrx_word' id='word_1_168' title='bbox 578 2971 760 3047; x_wconf 88' lang='lat' dir='ltr'>delubraque</span> <span class='ocrx_word' id='word_1_169' title='bbox 774 2982 871 3031; x_wconf 87' lang='lat' dir='ltr'>vestra</span> <span class='ocrx_word' id='word_1_170' title='bbox 884 2971 959 3030; x_wconf 89' lang='lat' dir='ltr'>tueri</span> 
     </span>
     <span class='ocr_line' id='line_1_29' title="bbox 307 3062 1110 3141; baseline 0.004 -21"><span class='ocrx_word' id='word_1_171' title='bbox 307 3062 479 3137; x_wconf 89' lang='lat' dir='ltr'>Poscimus;</span> <span class='ocrx_word' id='word_1_172' title='bbox 500 3073 530 3123; x_wconf 93' lang='lat' dir='ltr'>et</span> <span class='ocrx_word' id='word_1_173' title='bbox 544 3063 685 3139; x_wconf 88' lang='lat' dir='ltr'>quoniam</span> <span class='ocrx_word' id='word_1_174' title='bbox 700 3065 865 3125; x_wconf 89' lang='lat' dir='ltr'>concordes</span> <span class='ocrx_word' id='word_1_175' title='bbox 878 3063 993 3141; x_wconf 86' lang='lat' dir='ltr'>egimus</span> <span class='ocrx_word' id='word_1_176' title='bbox 1007 3084 1110 3138; x_wconf 90' lang='lat' dir='ltr'>annos,</span> 
     </span>
     <span class='ocr_line' id='line_1_30' title="bbox 307 3155 1102 3233; baseline 0.005 -20"><span class='ocrx_word' id='word_1_177' title='bbox 307 3155 430 3214; x_wconf 77' lang='lat' dir='ltr'>Auferat</span> <span class='ocrx_word' id='word_1_178' title='bbox 444 3157 518 3215; x_wconf 88' lang='lat' dir='ltr'>hora</span> <span class='ocrx_word' id='word_1_179' title='bbox 531 3157 607 3217; x_wconf 89' lang='lat' dir='ltr'>duos</span> <span class='ocrx_word' id='word_1_180' title='bbox 622 3157 735 3230; x_wconf 89' lang='lat' dir='ltr'>eadem,</span> <span class='ocrx_word' id='word_1_181' title='bbox 752 3176 809 3217; x_wconf 91' lang='lat' dir='ltr'>nec</span> <span class='ocrx_word' id='word_1_182' title='bbox 822 3157 957 3233; x_wconf 84' lang='lat' dir='ltr'>conjugis</span> <span class='ocrx_word' id='word_1_183' title='bbox 971 3176 1102 3233; x_wconf 88' lang='lat' dir='ltr'>unquam</span> 
     </span>
     <span class='ocr_line' id='line_1_31' title="bbox 308 3248 1143 3322; baseline -0.001 -17"><span class='ocrx_word' id='word_1_184' title='bbox 308 3249 398 3306; x_wconf 92' lang='lat' dir='ltr'>Busta</span> <span class='ocrx_word' id='word_1_185' title='bbox 411 3267 495 3309; x_wconf 89' lang='lat' dir='ltr'>meae</span> <span class='ocrx_word' id='word_1_186' title='bbox 509 3248 635 3322; x_wconf 89' lang='lat' dir='ltr'>videam,</span> <span class='ocrx_word' id='word_1_187' title='bbox 650 3269 709 3309; x_wconf 91' lang='lat' dir='ltr'>neu</span> <span class='ocrx_word' id='word_1_188' title='bbox 724 3248 780 3309; x_wconf 89' lang='lat' dir='ltr'>sim</span> <span class='ocrx_word' id='word_1_189' title='bbox 794 3250 985 3309; x_wconf 91' lang='lat' dir='ltr'>tumulandus</span> <span class='ocrx_word' id='word_1_190' title='bbox 999 3252 1037 3309; x_wconf 90' lang='lat' dir='ltr'>ab</span> <span class='ocrx_word' id='word_1_191' title='bbox 1051 3250 1109 3311; x_wconf 83' lang='lat' dir='ltr'>illa</span> <span class='ocrx_word' id='word_1_192' title='bbox 1141 3301 1143 3304; x_wconf 86' lang='lat'>.</span> 
     </span>
     <span class='ocr_line' id='line_1_32' title="bbox 306 3340 971 3419; baseline 0.006 -22"><span class='ocrx_word' id='word_1_193' title='bbox 306 3342 387 3399; x_wconf 89' lang='lat' dir='ltr'>Vota</span> <span class='ocrx_word' id='word_1_194' title='bbox 400 3341 474 3399; x_wconf 88' lang='lat' dir='ltr'>fides</span> <span class='ocrx_word' id='word_1_195' title='bbox 489 3340 637 3417; x_wconf 90' lang='lat' dir='ltr'>sequitur:</span> <span class='ocrx_word' id='word_1_196' title='bbox 658 3341 762 3419; x_wconf 87' lang='lat' dir='ltr'>templi</span> <span class='ocrx_word' id='word_1_197' title='bbox 776 3342 868 3401; x_wconf 89' lang='lat' dir='ltr'>tutela</span> <span class='ocrx_word' id='word_1_198' title='bbox 881 3342 971 3415; x_wconf 80' lang='lat' dir='ltr'>fuere,</span> 
     </span>
    </p>

    <p class='ocr_par' dir='ltr' id='par_1_10' title="bbox 228 3432 1031 3512">
     <span class='ocr_line' id='line_1_33' title="bbox 228 3432 1031 3512; baseline 0.004 -22"><span class='ocrx_word' id='word_1_199' title='bbox 228 3462 231 3473; x_wconf 90' lang='lat'><strong>·</strong></span> <span class='ocrx_word' id='word_1_200' title='bbox 309 3434 415 3492; x_wconf 92' lang='lat' dir='ltr'>Donec</span> <span class='ocrx_word' id='word_1_201' title='bbox 429 3432 490 3493; x_wconf 88' lang='lat' dir='ltr'>vita</span> <span class='ocrx_word' id='word_1_202' title='bbox 503 3434 574 3493; x_wconf 89' lang='lat' dir='ltr'>data</span> <span class='ocrx_word' id='word_1_203' title='bbox 587 3444 638 3494; x_wconf 84' lang='lat' dir='ltr'>est</span> <span class='ocrx_word' id='word_1_204' title='bbox 683 3434 780 3493; x_wconf 91' lang='lat' dir='ltr'>Annis</span> <span class='ocrx_word' id='word_1_205' title='bbox 794 3453 928 3512; x_wconf 84' lang='lat' dir='ltr'>aevoque</span> <span class='ocrx_word' id='word_1_206' title='bbox 943 3434 1031 3495; x_wconf 90' lang='lat' dir='ltr'>soluti</span> 
     </span>
    </p>

    <p class='ocr_par' dir='ltr' id='par_1_11' title="bbox 307 3525 1072 3603">
     <span class='ocr_line' id='line_1_34' title="bbox 307 3525 1072 3603; baseline 0.007 -21"><span class='ocrx_word' id='word_1_207' title='bbox 307 3526 387 3583; x_wconf 91' lang='lat' dir='ltr'>Ante</span> <span class='ocrx_word' id='word_1_208' title='bbox 400 3525 507 3601; x_wconf 75' lang='lat' dir='ltr'>gradm</span> <span class='ocrx_word' id='word_1_209' title='bbox 522 3544 620 3586; x_wconf 89' lang='lat' dir='ltr'>sacros</span> <span class='ocrx_word' id='word_1_210' title='bbox 634 3545 726 3602; x_wconf 93' lang='lat' dir='ltr'>quum</span> <span class='ocrx_word' id='word_1_211' title='bbox 740 3537 852 3587; x_wconf 86' lang='lat' dir='ltr'>starent</span> <span class='ocrx_word' id='word_1_212' title='bbox 865 3528 940 3587; x_wconf 83' lang='lat' dir='ltr'>forte</span> <span class='ocrx_word' id='word_1_213' title='bbox 954 3527 1072 3603; x_wconf 91' lang='lat' dir='ltr'>locique</span> 
     </span>
    </p>

    <p class='ocr_par' dir='ltr' id='par_1_12' title="bbox 308 3618 1136 3881">
     <span class='ocr_line' id='line_1_35' title="bbox 308 3618 1046 3692; baseline 0.001 -16"><span class='ocrx_word' id='word_1_214' title='bbox 308 3618 338 3676; x_wconf 96' lang='lat' dir='ltr'>N</span> <span class='ocrx_word' id='word_1_215' title='bbox 339 3628 468 3677; x_wconf 88' lang='lat' dir='ltr'>arrarent</span> <span class='ocrx_word' id='word_1_216' title='bbox 482 3637 576 3691; x_wconf 87' lang='lat' dir='ltr'>casus,</span> <span class='ocrx_word' id='word_1_217' title='bbox 592 3620 727 3679; x_wconf 87' lang='lat' dir='ltr'>frondere</span> <span class='ocrx_word' id='word_1_218' title='bbox 742 3618 920 3679; x_wconf 89' lang='lat' dir='ltr'>Philemona</span> <span class='ocrx_word' id='word_1_219' title='bbox 933 3619 1046 3692; x_wconf 87' lang='lat' dir='ltr'>Baucis,</span> 
     </span>
     <span class='ocr_line' id='line_1_36' title="bbox 308 3709 1057 3787; baseline 0.001 -18"><span class='ocrx_word' id='word_1_220' title='bbox 308 3709 439 3770; x_wconf 90' lang='lat' dir='ltr'>Baucida</span> <span class='ocrx_word' id='word_1_221' title='bbox 453 3710 607 3787; x_wconf 85' lang='lat' dir='ltr'>conspexit</span> <span class='ocrx_word' id='word_1_222' title='bbox 622 3711 719 3771; x_wconf 90' lang='lat' dir='ltr'>senior</span> <span class='ocrx_word' id='word_1_223' title='bbox 732 3712 868 3772; x_wconf 82' lang='lat' dir='ltr'>frondere</span> <span class='ocrx_word' id='word_1_224' title='bbox 883 3711 1057 3771; x_wconf 90' lang='lat' dir='ltr'>Philemon:</span> 
     </span>
     <span class='ocr_line' id='line_1_37' title="bbox 308 3803 1136 3881; baseline 0.002 -18"><span class='ocrx_word' id='word_1_225' title='bbox 308 3805 434 3880; x_wconf 87' lang='lat' dir='ltr'>Jamque</span> <span class='ocrx_word' id='word_1_226' title='bbox 449 3822 537 3880; x_wconf 91' lang='lat' dir='ltr'>super</span> <span class='ocrx_word' id='word_1_227' title='bbox 549 3803 683 3881; x_wconf 87' lang='lat' dir='ltr'>geminos</span> <span class='ocrx_word' id='word_1_228' title='bbox 697 3816 848 3865; x_wconf 90' lang='lat' dir='ltr'>crescente</span> <span class='ocrx_word' id='word_1_229' title='bbox 863 3805 1016 3865; x_wconf 86' lang='lat' dir='ltr'>cacumine</span> <span class='ocrx_word' id='word_1_230' title='bbox 1030 3805 1136 3879; x_wconf 88' lang='lat' dir='ltr'>vultus,</span> 
     </span>
    </p>
   </div>
   <div class='ocr_carea' id='block_1_3' title="bbox 0 0 1516 4700">
    <p class='ocr_par' dir='ltr' id='par_1_13' title="bbox 0 0 1516 4700">
     <span class='ocr_line' id='line_1_38' title="bbox 0 0 1516 4700; baseline 0 0"><span class='ocrx_word' id='word_1_231' title='bbox 0 0 1516 4700; x_wconf 95' lang='lat' dir='ltr'> </span> 
     </span>
    </p>
   </div>
  </div>
 </body>
</html>
