3017 4700
307 421 347 496 96
624 433 649 476 P.
671 432 803 476 vrnornn
825 431 966 478 Mauortis

310 583 352 640 At
365 579 399 652 si,
415 597 506 656 quum
520 579 685 654 referetque
699 577 779 638 diem
794 579 962 654 condetque
976 577 1109 650 relatum,
1149 581 1154 590 “

309 672 443 732 Lucidus
456 671 535 732 orbis
550 671 612 745 erit,
628 673 735 731 frustra
748 670 896 730 terrebere
911 670 1027 744 nimbis,

311 769 350 826 Et
363 768 443 827 claro
457 766 546 826 silvas
560 784 665 826 cernes
679 764 830 841 Aquilone
844 765 963 824 moveri.
1245 782 1283 830 460

311 859 458 936 Denique,
474 858 546 935 quid
559 877 666 935 vesper
680 876 763 917 serus
777 858 874 931 vehat,
890 857 969 916 unde
984 873 1104 918 serenas

309 954 426 1013 Ventus
440 961 509 1030 agat
522 952 627 1024 nubes,
643 950 715 1027 quid
728 950 840 1028 cogitet
853 950 990 1009 humidus
1004 953 1122 1021 Auster,

309 1047 361 1107 Sol
375 1045 429 1105 tibi
443 1044 527 1124 signa
540 1043 630 1104 dabit
675 1043 775 1103 Solem
789 1043 856 1118 quis
870 1043 969 1103 dicere
982 1044 1088 1102 falsum

311 1139 452 1198 Audeat?
492 1138 549 1196 Ille
563 1137 653 1196 etiam
667 1154 774 1196 caecos
788 1135 896 1194 instare
910 1135 1053 1195 tumultus

312 1234 408 1309 Saepe
422 1239 532 1304 monet,
547 1230 740 1305 fraudemque
754 1237 784 1287 et
798 1237 902 1304 operta
915 1238 1079 1288 tumescere
1093 1228 1172 1289 bella
1245 1241 1282 1291 4⁶⁵

312 1325 368 1384 Ille
383 1323 472 1383 etiam
486 1322 634 1382 exstincto
648 1321 804 1381 miseratus
820 1321 947 1381 Caesare
963 1323 1101 1395 Romam,

311 1417 411 1491 Quum
426 1424 516 1492 caput
529 1416 655 1475 obscura
669 1414 795 1474 nitidum
810 1413 957 1491 ferrugine
972 1415 1052 1488 texit,

313 1510 468 1586 Impiaque
483 1517 633 1567 aeternam
649 1507 809 1566 timuerunt
823 1507 942 1566 saecula
956 1517 1083 1566 noctem.

311 1603 460 1678 Tempore
476 1617 655 1677 quamquam
670 1599 721 1658 illo
735 1599 822 1659 tellus
837 1618 956 1676 quoque
971 1609 1001 1659 et
1014 1618 1143 1676 aequora
1156 1600 1248 1678 ponti,

312 1696 530 1770 Obscenaeque
544 1711 642 1766 canes,
659 1692 903 1769 importunaeque
917 1693 1050 1752 volucres
1247 1719 1285 1756 470
1361 1739 1365 1746 .

313 1789 404 1865 Signa
418 1788 537 1847 dabant.
580 1785 706 1860 Quoties
721 1787 886 1864 Cyclopum
900 1787 1040 1848 effervere
1055 1789 1086 1846 in
1100 1807 1186 1867 agros

311 1880 450 1940 Vidimus
464 1880 628 1941 undantem
641 1879 735 1956 ruptis
749 1879 918 1940 fornacibus
933 1883 1069 1954 Aetnam,

312 1973 570 2048 Flammarumque
583 1972 690 2049 globos
704 1970 921 2049 liquefactaque
935 1974 1054 2033 volvere
1069 1978 1156 2034 saxa!

313 2069 472 2125 Armorum
487 2064 616 2125 sonitum
630 2073 694 2125 toto
708 2065 870 2126 Germania
884 2067 969 2125 coelo

312 2158 417 2218 Audiit
429 2181 438 2232 3
458 2158 586 2218 insolitis
600 2168 782 2218 tremuerunt
796 2158 927 2218 motibus
942 2159 1043 2235 Alpes.

312 2255 381 2312 Vox
395 2269 514 2330 quoque
528 2271 582 2328 per
595 2251 680 2311 lucos
693 2252 784 2329 vulgo
797 2251 936 2311 exaudita
950 2252 1081 2325 silenteS,

312 2348 436 2426 Ingens,
451 2355 482 2405 et
495 2344 652 2405 simulacra
666 2343 764 2404 modis
778 2343 922 2421 pallentia
935 2343 1016 2405 miris

312 2441 388 2500 Visa
401 2438 457 2499 sub
470 2439 630 2497 obscurum
643 2437 759 2511 noctis3
779 2438 969 2515 pecudesque
984 2439 1108 2513 locutae,

313 2532 492 2591 Infandum!
514 2529 623 2591 sistunt
636 2548 749 2603 amnes,
765 2541 919 2605 terraeque
934 2531 1100 2605 dehiscunt,

314 2627 353 2684 Et
367 2635 513 2684 maestum
527 2623 681 2682 illacrimat
694 2623 814 2699 templis
829 2623 910 2696 ebur,
925 2642 1052 2701 aeraque
1067 2625 1183 2685 sudant
1275 2656 1288 2681 0

313 2716 427 2777 Proluit
440 2718 547 2777 insano
561 2724 763 2792 contorquens
777 2715 887 2775 vertice
901 2716 990 2777 silvas

314 2810 484 2869 Fluviorum
500 2828 551 2868 rex
566 2808 722 2880 Eridanus,
738 2826 920 2885 camposque
934 2827 987 2885 per
1000 2826 1105 2869 omnes

314 2904 393 2963 Cum
407 2902 531 2962 stabulis
545 2910 680 2961 armenta
692 2900 767 2960 tulit.
810 2902 839 2960 N
841 2920 876 2961 ec
890 2910 1023 2978 tempore
1038 2903 1145 2964 eodem

314 2995 462 3055 Tristibus
477 3004 527 3055 aut
540 2994 617 3054 extis
629 2994 721 3055 fibrae
735 3012 878 3071 apparere
892 2994 1032 3069 minaces,

315 3091 377 3148 Aut
391 3088 488 3164 puteis
501 3106 620 3147 manare
633 3106 720 3147 cruor
732 3086 868 3160 cessavit,
884 3096 915 3147 et
928 3088 1005 3147 altae

314 3183 374 3241 Per
387 3190 505 3241 noctem
520 3198 659 3240 resonare
673 3180 752 3257 lupis
765 3180 946 3251 ululantibus
959 3181 1054 3242 urbes

315 3276 387 3333 Non
402 3274 475 3334 alias
488 3273 576 3333 coelo
589 3272 760 3353 ceciderunt
774 3273 860 3350 plura
873 3291 979 3333 sereno

315 3366 445 3444 Fulgura
458 3384 514 3425 nec
528 3365 584 3424 diri
598 3364 684 3424 toties
699 3383 796 3425 arsere
810 3374 953 3425 cometae.

316 3460 397 3536 Ergo
411 3459 488 3519 inter
501 3476 568 3518 sese
580 3457 701 3535 paribus
715 3476 891 3518 concurrere
906 3458 973 3518 telis

316 3553 471 3611 Romanas
484 3550 564 3611 acies
578 3550 683 3611 iterum
696 3550 798 3611 videre
814 3550 943 3627 Philippi
954 3572 963 3624 3

317 3646 385 3705 Nec
398 3645 453 3705 fuit
466 3644 621 3722 indignum
635 3642 759 3720 superis,
775 3643 822 3703 bis
837 3642 979 3721 sanguine
993 3652 1097 3703 nostro

319 3737 487 3797 Emathiam
499 3746 531 3797 et
544 3737 621 3797 latos
636 3736 748 3795 Haemi
761 3736 956 3815 pinguescere
971 3754 1099 3812 campos

320 3825 440 3892 Scilicet
452 3840 483 3891 et
496 3839 615 3907 tempus
628 3829 737 3904 veniet,
754 3848 846 3907 quum
859 3828 969 3889 finibus
983 3826 1041 3887 illis
