3017 4700
601 449 760 494 AENEIDOS
781 450 839 494 LIB.
860 451 879 494 1.

255 592 401 670 Bellatrix,
416 595 564 672 audetque
578 592 646 655 viris
660 615 834 656 concurrere
848 595 938 677 virgo.

294 691 382 748 Haec
396 689 468 748 dum
483 688 636 748 Dardanio
651 691 773 762 Aeneae
787 687 1079 766 miranda‘videntur,

255 785 335 842 Dum
349 792 457 859 stupet,
473 784 637 860 obtutuque
651 783 754 843 haeret
768 783 881 842 defixris
895 782 925 842 in
940 801 1009 858 uno,

254 873 371 952 Regina
384 875 423 934 ad
437 876 589 952 templum,
604 876 698 934 forma
711 875 906 951 pulcherrima
921 876 1011 950 Dido,

231 983 233 986 ·
255 966 388 1041 Incessit,
404 987 512 1044 magna
521 968 664 1046 juvenum
679 968 807 1045 stipante
822 978 945 1028 caterva

254 1060 358 1135 Qualis
372 1060 402 1119 in
417 1063 545 1120 Eurotae
559 1060 630 1138 ripis
644 1071 695 1121 aut
708 1081 762 1138 per
772 1063 843 1141 juga
858 1061 968 1140 Cynthi

254 1155 380 1214 Exercet
394 1153 493 1214 Diana
505 1154 623 1227 choros,
639 1173 729 1230 quam
744 1148 824 1214 mille
839 1166 957 1216 secutae

254 1246 337 1310 Hinc
351 1257 439 1323 atque
453 1247 524 1306 hinc
537 1248 736 1323 glomerantur
749 1247 903 1323 Oreades3
922 1248 973 1308 illa
986 1249 1153 1326 pharetram

221 1307 253 1397 s
254 1342 323 1400 Fert
336 1341 467 1413 humero,
481 1340 678 1417 gradiensque
693 1340 765 1400 deas
781 1340 978 1417 supereminet
992 1358 1117 1416 omnes,

254 1435 387 1493 Latonae
401 1433 523 1493 tacitum
537 1443 706 1509 pertentant
712 1433 827 1512 gaudia
840 1445 964 1510 pectus:

253 1526 334 1586 Talis
348 1536 410 1586 erat
424 1527 515 1600 Dido,
530 1526 619 1586 talem
635 1546 667 1586 se
680 1527 759 1586 laeta
772 1527 884 1588 ferebat

256 1623 311 1680 Per
325 1619 448 1693 medios,
464 1618 577 1679 instans
590 1618 673 1695 operi
687 1619 843 1696 regnisque
857 1619 968 1680 futuis
982 1666 991 1690 ,r
1062 1696 1066 1706 Ἴ

252 1714 331 1772 Tum
345 1712 456 1772 foribus
469 1711 564 1787 divae,
579 1712 679 1772 media
692 1712 842 1772 testudine
856 1701 983 1790 templi,¹
1007 1703 1022 1740 '¹
1036 1697 1058 1746 s

252 1807 360 1882 Saepta
373 1805 469 1879 armis,
485 1804 620 1882 sglioque
634 1806 693 1892 alte
706 1806 834 1866 subnixa
847 1807 963 1866 resedit.

252 1902 323 1975 Jura
336 1900 427 1958 dabat
440 1899 579 1975 legesque
593 1897 670 1972 viris,
686 1917 868 1976 operumque
882 1888 1027 1961 laborem

253 1991 388 2052 Partibus
402 1991 550 2068 aequabat
560 1990 656 2070 justis,
672 2001 723 2052 aut
737 2003 815 2052 sorte
829 1992 964 2052 trahebat
978 2015 984 2052 :

253 2086 354 2159 Quum
368 2085 466 2144 subito
479 2086 599 2144 Aeneas
612 2103 760 2153 concursu
773 2085 913 2146 accedere
928 2105 1038 2165 magno

251 2179 370 2263 Q&
386 2180 613 2254 Sergestumque
626 2177 708 2237 videt
722 2177 886 2254 fortemque
901 2180 1093 2252 Cloanthum,
1203 2209 1212 2236 ι

252 2273 491 2347 Teucrorumque
506 2269 587 2342 alios,
603 2281 665 2330 ater
679 2288 756 2346 quos
771 2289 898 2347 aequore
913 2272 1000 2333 turbo

252 2364 423 2442 Dispulerat
436 2365 613 2441 penitusque
628 2362 700 2425 alias
715 2375 851 2426 avexerat
865 2384 940 2427 oras.

234 2460 415 2535 lObstupuit
428 2457 515 2518 simul
529 2458 593 2535 ipse
607 2457 694 2519 simul
707 2460 859 2537 perculsus
874 2460 1007 2521 Achates

252 2550 436 2629 Laetitiaque
450 2562 609 2633 metuque3
629 2551 708 2613 avidi
721 2554 901 2636 cmrjungere
915 2554 1032 2615 dextras

251 2646 424 2719 Ardebant,
444 2645 497 2705 sed
511 2664 557 2705 res
570 2644 685 2705 animos
698 2645 849 2723 incognita
863 2646 968 2707 turbat.

252 2738 455 2812 Dissimulant,
471 2748 501 2799 et
515 2738 594 2797 nube
608 2757 682 2798 cava
695 2740 885 2816 speculantur
898 2738 1007 2813 amicti,

251 2832 337 2906 Quae
350 2833 468 2892 fortuna
481 2830 559 2904 viris,
574 2831 699 2893 classem
713 2852 775 2909 quo
788 2832 873 2893 litore
888 2831 1031 2910 linquant,

177 2954 180 2959 ·
251 2924 333 2999 Quid
346 2924 488 2999 veniant3
507 2926 621 2985 cunctis
635 2944 704 2985 nam
718 2926 788 2987 lecti
802 2924 927 2986 navibus
941 2925 1032 2999 ibant,

251 3019 379 3082 Orantes
392 3018 518 3093 veniam,
533 3029 563 3079 et
577 3020 721 3095 templum
735 3021 865 3079 clamore
879 3020 1028 3095 petebant.

238 3110 266 3195 ,²
292 3116 455 3191 Postquam
468 3111 637 3189 introgressi
651 3121 681 3171 et
695 3130 795 3171 coram
810 3112 881 3171 data
894 3112 981 3188 copia
994 3110 1084 3185 sandi,

252 3206 403 3267 Maximus
417 3204 552 3264 Ilioneus
562 3204 681 3281 placido
696 3204 740 3264 sic
754 3214 874 3280 pectore
889 3205 1005 3281 coepit:

251 3300 279 3357 0
295 3298 419 3374 Regina,
435 3316 544 3357 novam
557 3296 606 3357 cui
619 3296 749 3357 condere
763 3295 902 3373 Juppiter
915 3298 1019 3358 urbem

250 3390 428 3467 Justitiaque
442 3389 525 3451 dedit
537 3399 642 3466 gentes
655 3388 770 3449 frenare
784 3388 935 3467 superbas,

250 3484 344 3543 Troes
357 3492 387 3543 te
401 3482 509 3555 miseri,
526 3481 620 3541 ventis
634 3482 727 3540 maria
739 3481 838 3541 omnia
850 3482 936 3555 vecti,

250 3576 386 3650 Oramus,
401 3576 526 3653 prohibe
540 3574 679 3634 infandos
692 3593 711 3633 a
724 3574 848 3636 navibus
862 3574 954 3651 ignes,

251 3656 343 3731 Parce
356 3669 408 3748 pio
422 3667 531 3746 generi,
546 3678 577 3727 et
589 3667 712 3743 propius
726 3686 773 3727 res
788 3667 907 3745 adspice
921 3676 1044 3727 nostras.
1066 3708 1104 3745 s·
1208 3665 1210 3671 ’

251 3764 323 3823 Non
336 3781 393 3823 nos
406 3771 458 3821 ant
471 3760 548 3821 ferro
562 3758 691 3837 Libycos
705 3761 848 3837 populare
863 3762 990 3819 Penates

250 3855 402 3929 Venimus,
418 3863 469 3915 aut
481 3863 580 3932 raptas
594 3852 633 3911 ad
646 3851 734 3914 litora
745 3863 858 3913 vertere
871 3852 1016 3929 praedas3
