3017 4700
314 410 352 483 36
625 469 628 474 ,
649 422 673 465 1³.
698 421 798 464 ovrnrr
820 421 953 465 nasonis

313 567 422 628 Vimen
436 567 467 626 in
482 586 608 644 aequore
624 577 685 626 erat
699 568 750 626 fiat
765 586 852 644 super
866 585 995 642 aequora
1009 585 1118 627 saxum.

276 730 278 736 Ι
354 661 408 720 Dis
423 660 514 720 tribus
530 661 578 720 ille
593 660 675 720 focos
690 660 813 720 totidem
830 661 868 720 de
882 659 994 737 cespite
1009 660 1101 736 ponit,

313 756 445 814 Laevum
461 753 617 827 Mercurio,
634 754 769 814 dextrum
784 753 845 827 tibi,
860 753 969 813 bellica
981 753 1074 829 Virgo
1085 766 1101 827 ς’

313 849 375 906 Ara
388 845 471 924 Jovis
484 846 584 906 media
598 856 648 906 est.
694 848 844 906 Mactatur
857 865 949 906 vacca
963 845 1126 919 Minervae,

312 939 432 1016 Alipedi
446 939 562 1013 vitulus,
578 949 676 999 taurus
691 938 753 1012 tibi,
770 957 884 998 summe
899 939 1041 1012 deorum„

313 1033 451 1092 Protinus
465 1031 677 1092 Andromeden
692 1042 722 1092 et
736 1031 810 1091 tanti
825 1031 955 1108 praemia
968 1030 1038 1092 facti

313 1118 455 1185 indotata
468 1124 560 1201 rapit:
581 1126 684 1184 taedas
699 1127 893 1202 Hymenaeus
907 1127 1061 1201 Amorque

312 1217 521 1292 Praecutiunt3
541 1217 627 1294 largis
642 1218 783 1277 satiantur
797 1217 938 1278 odoribus
952 1218 1043 1293 ignes,

314 1312 455 1387 Sertaque
471 1311 642 1388 dependent
656 1310 749 1384 tectis,
766 1321 796 1370 et
809 1309 919 1387 ubique
933 1311 1071 1387 lyraeque

311 1403 458 1480 Tibiaque
473 1414 504 1464 et
518 1413 629 1478 cantus,
646 1402 736 1462 animi
750 1403 847 1463 felicia
860 1402 929 1462 laeti

312 1499 503 1574 Argumenta,
520 1507 627 1556 sonant
638 1517 647 1570 ;
667 1495 801 1556 reseratis
815 1515 904 1556 aurea
917 1495 1010 1554 valvis

311 1589 396 1650 Atria
410 1600 474 1648 tota
486 1599 597 1666 patent,
612 1588 953 1666 pulchroqueinstructa
965 1600 1070 1665 paratu

313 1683 490 1759 Cephenum
504 1702 640 1759 proceres
655 1681 758 1742 ineunt
772 1681 908 1742 convivia
920 1683 1003 1759 regis.

313 1779 476 1851 Postquam
491 1775 586 1852 epulis
600 1774 692 1836 iuncti
705 1775 841 1854 generosi
855 1794 975 1836 munere
991 1775 1100 1835 Bacchi

314 1868 466 1927 Diffudere
482 1868 605 1941 animos
621 1869 775 1944 cultusque
789 1886 942 1944 genusque
957 1869 1089 1927 locomm

313 1960 437 2034 Quaerit
450 1960 653 2021 Abantiades:
673 1961 826 2037 quaerenti
839 1959 973 2038 protinus
986 1978 1062 2019 unus

314 2056 429 2126 Narrat,
445 2053 602 2131 Lyncides,
617 2071 774 2129 moresque
788 2052 981 2129 habitumque
995 2052 1131 2112 virorum.

314 2147 400 2220 Quae
415 2146 501 2206 simul
519 2145 647 2220 edocuit,
664 2148 761 2220 Nunc,
778 2164 796 2206 0
811 2145 976 2218 fortissime,
992 2144 1074 2218 dixit,

314 2242 339 2298 F
341 2258 389 2299 are
403 2257 515 2316 precor,
532 2242 650 2313 Perseu,
667 2249 778 2315 quanta
791 2237 896 2298 virtute
911 2237 1077 2314 quibusque

312 2331 434 2393 Artibus
449 2332 602 2393 abstuleris
617 2331 721 2392 crinita
735 2330 914 2392 draconibus
927 2349 987 2391 ora

314 2425 421 2486 Narrat
435 2426 628 2502 Agenorides,
644 2424 743 2501 gelido
758 2425 813 2483 sub
827 2424 947 2483 Atlante
959 2424 1108 2501 jacentem

268 2514 269 2521 '
314 2521 388 2578 Esse
403 2520 511 2590 locum,
527 2517 639 2577 solidae
654 2527 749 2576 tutum
765 2515 927 2576 munimine
942 2515 1036 2589 molis,

314 2611 407 2690 Cujus
422 2611 452 2669 in
467 2609 588 2670 introitu
602 2608 734 2686 geminas
748 2608 898 2695 habitasse
912 2626 1028 2669 sorores

315 2703 485 2777 Phorcidas,
501 2702 588 2762 unius
605 2701 722 2762 sortitas
737 2700 856 2760 luminis
869 2720 955 2761 usum
962 2723 971 2775 3

315 2796 353 2855 Id
368 2815 399 2855 se
415 2795 523 2856 sollerti
539 2794 645 2869 furtim,
662 2795 733 2854 dum
748 2794 878 2867 traditur,
893 2804 958 2854 astu

316 2887 477 2966 Supposita
490 2888 604 2965 cepisse
619 2907 717 2961 manu,
733 2906 844 2964 perque
858 2887 960 2947 abdita
973 2888 1062 2967 longe

251 2986 255 3007 ¹
315 2981 470 3057 Deviaque
484 2991 514 3041 et
529 2981 608 3041 silvis
622 2980 773 3041 horrentia
783 2998 854 3039 saxa
867 2980 989 3057 fragosis

315 3074 490 3151 Gorgoneas
505 3074 635 3151 tetigisse
651 3074 766 3147 domos,
781 3073 951 3150 passimque
965 3093 1018 3150 per
1032 3092 1116 3151 agros

315 3170 431 3244 Perque
445 3166 507 3226 vias
522 3166 634 3226 vidisse
644 3166 799 3226 hominum
814 3165 969 3226 simulacra
981 3167 1167 3243 ferarumque

316 3264 353 3321 In
369 3259 480 3319 silicem
496 3278 532 3318 ex
547 3258 617 3335 ipsis
632 3258 695 3317 visa
708 3278 852 3319 conversa
866 3260 1013 3332 Medusa;

317 3353 356 3412 Se
370 3362 469 3411 tamen
485 3351 649 3411 horrendae
664 3351 769 3430 clypei,
786 3352 868 3428 quod
882 3352 966 3413 laeva
979 3352 1108 3428 gerebat,

317 3448 395 3504 Aere
409 3462 580 3520 repercusso
595 3445 718 3504 formam
734 3443 904 3520 adspexisse
920 3444 1075 3515 Medusae,

242 3610 246 3619 Δ
317 3536 456 3614 Dumqu‘e
471 3535 567 3615 gravis
583 3554 703 3596 somnus
717 3537 854 3616 colubras
871 3536 1024 3613 ipsamque
1039 3538 1168 3611 tenebat,

317 3629 467 3707 Eripuisse
481 3639 570 3705 caput
584 3630 663 3688 collo
674 3650 683 3703 3
704 3627 869 3705 pennisque
883 3629 1018 3705 fugacem

318 3724 452 3799 Pegason
469 3732 498 3781 et
512 3722 629 3781 fratrem
644 3720 744 3781 matris
759 3722 797 3781 de
812 3720 955 3797 sanguine
970 3730 1056 3781 natos

317 3812 451 3889 Addidit,
468 3825 498 3874 et
511 3813 591 3891 longi
607 3832 667 3875 non
682 3815 757 3875 falsa
770 3812 902 3891 pericula
915 3831 1025 3887 cursus,
