3017 4700
537 419 718 464 GEORGICON
741 421 800 464 LIB.
820 420 852 463 11.

206 565 342 626 Sufficiet
356 566 474 625 Baccho
488 563 571 639 vites,
586 564 635 624 hic
649 563 751 626 fertilis
765 583 847 638 uvae,
912 637 917 640 ,

207 659 274 718 Hic
288 658 391 732 laticis,
408 659 524 736 qualem
539 657 646 734 pateris
660 657 786 728 libamus
800 668 830 718 et
844 676 924 732 auro,

209 751 332 812 Inflavit
345 771 436 828 quum
450 750 567 828 pinguis
581 753 653 811 ebur
666 751 834 830 Tyrrhenus
849 752 887 811 ad
901 769 967 814 aras

209 844 362 905 Lancibus
377 855 406 904 et
419 843 525 921 pandis
539 843 682 903 fumantia
695 844 846 904 reddimus
860 856 936 906 exta.

210 937 262 998 Sin
277 947 410 997 armenta
423 936 515 1013 magis
529 936 659 996 studium
672 935 838 1013 vitulosque
852 937 935 1012 tueri,
1148 965 1183 1008 195

212 1033 274 1090 Aut
287 1032 365 1090 fetus
379 1030 487 1103 ovium,
502 1040 553 1089 aut
566 1040 684 1090 urentes
697 1030 779 1090 culta
792 1031 928 1106 capellas,

213 1124 312 1182 Saltus
327 1132 357 1182 et
371 1121 460 1182 saturi
474 1121 567 1199 petito
582 1121 744 1199 longinqua
757 1122 886 1197 Tarenti,

213 1217 251 1274 Et
265 1217 383 1292 qualem
397 1214 497 1275 infelix
511 1213 608 1275 amisit
622 1217 748 1276 Mantua
762 1233 907 1293 campum,

211 1311 389 1368 Pascentem
403 1307 505 1367 niveos
519 1308 646 1368 herboso
659 1308 780 1368 flumine
794 1328 923 1388 cycnos:

211 1404 283 1461 Non
297 1400 401 1479 liquidi
414 1400 552 1477 gregibus
565 1401 669 1475 fontes,
685 1420 745 1461 non
759 1401 891 1478 gramina
905 1403 1035 1478 deerunt,
1145 1433 1183 1460 ιω

212 1496 259 1568 Et,
275 1504 416 1570 quantum
430 1492 526 1570 longis
540 1504 662 1570 carpent
675 1505 807 1554 armenta
821 1495 934 1570 diebus²

212 1586 327 1664 Exigua
339 1597 454 1647 tautum
467 1585 581 1662 gelidus
593 1606 642 1648 ros
655 1599 744 1648 nocte
759 1600 889 1665 reponet.

211 1679 305 1758 Nigra
319 1680 378 1740 fere
394 1690 423 1741 et
437 1699 538 1757 presso
553 1679 669 1756 pinguis
682 1682 738 1741 sub
751 1700 871 1742 volnere
885 1692 970 1756 terra,
1097 1749 1102 1758 ,

209 1775 250 1833 Et
264 1772 312 1834 cui
325 1782 410 1850 putre
424 1775 528 1847 solum,
537 1792 713 1850 -namque
727 1773 786 1835 hoc
800 1773 948 1834 imitamur
961 1775 1121 1838 arando-

211 1865 334 1943 Optima
347 1866 497 1926 frumentis
508 1889 518 1940 5
538 1885 599 1926 non
613 1867 674 1927 ullo
688 1885 725 1926 ex
738 1886 866 1942 aequore
881 1887 984 1929 cernes
1143 1897 1179 1936 ως

211 1960 299 2019 Plura
312 1958 433 2019 domurn
448 1958 538 2018 tardis
552 1959 695 2020 decedere
709 1961 839 2036 plaustra
850 1961 1002 2039 juvencis;

211 2056 273 2112 Aut
286 2052 366 2112 unde
380 2051 471 2112 iratus
484 2051 587 2112 silvam
602 2051 720 2112 devexit
731 2063 830 2112 arator
955 2115 958 2120 ,

211 2147 249 2205 Et
263 2164 386 2206 nemora
399 2145 502 2205 evertit
518 2145 626 2204 multos
640 2143 747 2221 ignava
759 2164 811 2222 per
825 2164 927 2220 annoS,

209 2238 415 2314 Antiquasque
429 2238 535 2297 domos
551 2235 649 2296 avium
662 2256 731 2296 curn
745 2236 883 2314 stirpibus
896 2237 962 2298 imis

211 2331 313 2407 Eruit;
332 2331 399 2391 illae
414 2331 506 2392 altum
519 2329 597 2391 nidis
611 2330 722 2408 petiere
736 2329 864 2406 relictis3

211 2428 252 2484 At
265 2425 346 2485 rudis
360 2424 464 2485 enituit
478 2423 606 2501 impulso
618 2442 737 2486 vomere
750 2444 880 2502 campus

210 2521 288 2578 Nam
300 2519 406 2597 jejuna
417 2516 538 2594 quidem
552 2516 655 2577 clivosi
668 2518 767 2594 glarea
780 2518 853 2579 ruris

208 2611 267 2669 Vix
281 2610 408 2672 humiles
421 2609 527 2687 apibus
540 2610 634 2670 casias
647 2629 804 2688 roremque
817 2611 980 2689 ministrat3

209 2707 247 2765 Et
261 2706 339 2764 tofus
353 2705 464 2777 scaber,
480 2715 510 2765 et
523 2702 612 2781 nigris
625 2723 713 2765 exesa
725 2705 873 2783 chelydris
1031 2774 1036 2779 R

171 2818 175 2821 ·
209 2799 298 2859 Creta
311 2807 421 2874 negant
434 2796 508 2857 ahos
522 2814 616 2873 aeque
630 2798 814 2875 serpentibus
828 2816 914 2877 agros
1041 2844 1044 2853 ,
1143 2830 1179 2869 ηις
1272 2794 1277 2807 ’

209 2891 335 2950 Dulcem
349 2891 423 2950 ferre
437 2889 537 2951 cibum
550 2901 581 2949 et
594 2908 698 2951 curvas
711 2894 852 2969 praebere
866 2893 1001 2953 latebras.

208 2984 294 3058 Quae
308 2993 427 3043 tenuem
442 2983 559 3042 exhalat
572 2985 711 3045 nebulam
725 2987 880 3061 fumosque
894 2986 1038 3061 volucres,

210 3078 247 3136 Et
260 3076 337 3137 bibit
350 3077 512 3149 humorem,
527 3086 558 3136 et
572 3096 664 3152 quum
677 3080 747 3152 vult,
764 3098 801 3137 ex
815 3097 846 3139 se
860 3077 925 3155 ipsa
939 3078 1067 3155 remittit,

207 3172 336 3245 Quaque
350 3188 404 3229 suo
417 3188 536 3245 semper
549 3169 650 3231 viridis
664 3190 696 3231 se
708 3171 840 3248 gramine
854 3170 950 3246 vestit,

164 3266 171 3273 “
207 3264 274 3322 Nec
288 3261 387 3323 scabie
401 3272 432 3323 et
445 3263 522 3323 salsa
534 3264 625 3325 laedit
639 3263 772 3341 robigine
786 3264 901 3338 ferrum,

209 3356 265 3415 Illa
279 3354 332 3414 tibi
346 3354 430 3415 laetis
443 3355 555 3417 intexet
568 3356 677 3417 vitibus
690 3357 796 3429 ulmos,

208 3449 265 3507 Illa
278 3450 358 3508 ferax
371 3450 456 3510 oleae
470 3450 619 3523 est-illam
633 3448 781 3525 experiere
796 3449 924 3512 colendo

208 3544 246 3601 Et
259 3541 377 3601 facilem
390 3542 492 3620 pecori
506 3552 536 3601 et
549 3540 711 3618 patientem
724 3542 852 3601 vomeris
865 3542 942 3603 nuci

206 3636 312 3695 Talem
326 3635 409 3697 dives
423 3646 486 3695 arat
500 3636 605 3710 Capua
618 3642 648 3693 et
660 3632 758 3693 vicina
771 3635 889 3695 Vesevo

208 3730 268 3788 Ora
278 3727 351 3807 jugo
362 3738 392 3787 et
404 3726 506 3787 vacuis
520 3726 643 3787 Clanius
656 3744 718 3785 non
731 3745 844 3803 aequus
858 3727 981 3789 Acerris
1141 3756 1178 3797 225

247 3824 345 3895 Nunc,
361 3838 421 3898 quo
435 3836 584 3897 quamque
597 3818 690 3888 modo
701 3819 800 3897 possis
813 3838 1001 3898 cognoscere,
1016 3818 1122 3883 dicam.
