3017 4700
316 429 370 468 102
628 425 653 466 P.
672 421 805 466 VIRGILll
828 421 969 466 mortis

314 569 404 629 Adde
417 578 463 629 tot
476 567 607 646 egregias
620 570 708 629 urbes
722 587 904 645 operumque
918 567 1059 644 laborem,
1227 570 1230 576 '
1252 599 1286 637 us

314 663 375 721 Tot
388 671 529 739 congesta
543 680 632 720 manu
646 661 809 738 praeruptis
824 661 934 739 oppida
948 662 1032 736 saxis,

314 754 509 831 Fluminaque
523 754 661 830 antiquos
675 754 906 815 subterlabentia
919 773 1027 815 muros.

314 850 364 905 An
378 866 466 920 mare,
482 847 564 923 quod
577 865 672 923 supra,
688 865 859 922 memorem,
875 849 1015 925 quodque
1029 848 1113 908 alluit
1127 848 1221 909 infra?

259 951 272 969 '
312 941 401 998 Anne
415 941 495 998 lacus
509 949 616 1012 tantos,
632 948 670 1013 te,
687 939 754 998 Lari
768 940 904 1014 maxime,
919 951 1016 1018 teque,

314 1032 467 1091 Fluctibus
482 1041 512 1092 et
525 1031 641 1091 fremitu
654 1032 815 1110 adsurgens
830 1036 946 1094 Benace
960 1035 1093 1094 marino?
1195 1103 1199 1114 .
1250 1055 1286 1091 ιω

314 1126 364 1183 An
378 1142 539 1184 memorem
553 1135 656 1201 portus
671 1125 858 1203 Lucrinoque
872 1126 975 1187 addita
988 1128 1115 1187 claustra

313 1219 413 1294 Atque
427 1217 610 1295 indignatum
625 1218 739 1295 magnis
753 1218 925 1280 stridoribus
940 1239 1058 1296 aequor,

313 1311 392 1387 Julia
406 1329 465 1386 qua
478 1322 572 1388 ponto
586 1312 674 1388 longe
688 1323 775 1372 sonat
788 1314 868 1372 unda
881 1315 977 1374 refuso

238 1413 241 1418 “
313 1405 541 1480 Tyrrhenusque
555 1403 636 1464 iretis
650 1404 815 1466 immittitur
828 1417 925 1466 aestus
940 1405 1086 1466 Auernis?

314 1497 402 1556 Haec
417 1497 521 1556 eadem
536 1498 648 1574 argenti
662 1497 740 1559 rivos
753 1499 887 1575 aerisque
901 1500 1021 1559 metalla
1097 1545 1101 1554 .

313 1589 454 1650 Ostendit
467 1589 559 1663 venis,
575 1602 663 1667 atque
677 1611 748 1652 auro
763 1591 887 1669 plurima
900 1592 992 1651 fluxit.

314 1684 402 1742 Haec
415 1701 508 1759 genus
523 1702 589 1744 acre
603 1684 705 1759 virum,
722 1688 848 1759 Marsos,
863 1686 1032 1762 pubemque
1048 1686 1204 1758 Sabellam,

312 1775 537 1852 Adsuetumque
552 1779 631 1836 malo
645 1778 791 1855 Ligurem,
806 1779 994 1854 Volscosque
1008 1788 1127 1838 verutos

314 1868 434 1942 Extulit,
450 1868 524 1929 haec
539 1870 659 1944 Decios,
676 1872 797 1945 Marios,
813 1889 995 1948 magnosque
1010 1870 1162 1944 Camillos,

313 1961 465 2039 Scipiadas
479 1962 567 2022 duros
581 1965 670 2039 bellu,
684 1975 716 2024 et
728 1976 767 2038 te,
783 1964 909 2024 maxime
925 1965 1043 2038 Caesar,

313 2054 374 2129 Qui
388 2074 467 2114 nunc
482 2058 621 2116 extremis
636 2058 725 2118 Asiae
737 2060 799 2134 jam
813 2057 950 2118 victorin
965 2056 1024 2118 oris

313 2150 469 2208 Imbellem
484 2149 590 2210 avertis
606 2152 751 2210 Romanis
766 2150 881 2211 arcibus
896 2152 1014 2211 Indum.

313 2244 410 2316 Salve,
426 2261 533 2320 magna
546 2263 653 2320 parens
667 2245 790 2321 furgum,
806 2243 941 2304 Saturnia
953 2245 1048 2318 tellus,

313 2338 427 2414 Magna
440 2336 533 2397 virum
545 2360 554 2412 ;
574 2328 627 2397 tibi
641 2356 688 2397 res
701 2338 841 2414 antiquae
855 2337 950 2397 laudis
964 2349 993 2398 et
1008 2335 1077 2398 artis

313 2430 475 2507 Ingredior‚
492 2440 610 2489 sanctos
624 2448 712 2489 ausus
725 2430 876 2490 recludere
890 2430 987 2505 sontis,

311 2525 534 2599 Ascraeumque
548 2542 626 2583 cano
640 2524 779 2582 Romana
793 2542 846 2599 per
859 2522 970 2599 oppida
983 2542 1111 2583 carmen.

352 2618 442 2675 Nunc
456 2617 540 2675 locus
555 2633 689 2674 arvorum
704 2615 837 2691 ingeniis,
854 2634 930 2691 quae
943 2617 1051 2675 robora
1064 2614 1181 2691 cuique,
1207 2662 1210 2669 .

312 2708 387 2783 Quis
402 2710 493 2780 color,
509 2718 540 2767 et
553 2727 630 2784 quae
645 2708 682 2767 sit
695 2709 783 2768 rebus
796 2717 901 2767 natura
914 2708 1049 2769 serendis.

312 2802 456 2861 Difficiles
471 2800 599 2878 primurn
613 2810 706 2861 terrae
720 2802 870 2877 collesque
884 2800 1012 2879 maligni,

311 2894 424 2955 Tenuis
437 2894 489 2954 ubi
503 2895 605 2972 argilla
618 2905 649 2954 et
662 2894 794 2955 dumosis
808 2896 937 2955 calculus
951 2893 1036 2969 arvis,

311 2988 445 3048 Palladia
458 2988 589 3065 gaudent
602 2987 677 3047 silva
690 2987 800 3047 vivacis
814 2987 917 3047 olivae.

312 3080 430 3141 Indicio
445 3091 489 3142 est
503 3091 598 3141 tractu
613 3100 732 3158 surgens
746 3081 873 3141 oleaster
886 3082 994 3141 eodem

299 3174 458 3237 ,Plurimus
473 3184 503 3235 et
515 3174 598 3234 strati
612 3174 712 3234 baccis
726 3173 906 3233 silvestribus
920 3174 988 3252 agri.

311 3270 353 3327 At
367 3287 443 3344 quae
458 3268 575 3345 pinguis
589 3268 696 3326 humus
711 3266 849 3344 dulcique
863 3267 975 3346 uligine
989 3268 1075 3341 laeta,

311 3358 431 3435 Quique
445 3361 582 3437 frequens
595 3360 695 3420 herbis
709 3371 739 3420 et
752 3359 854 3420 fertilis
867 3361 957 3421 ubere
972 3378 1144 3436 campus-
1251 3390 1259 3416 1

311 3452 439 3526 Qualem
454 3472 543 3529 saepe
557 3470 631 3512 cava
645 3452 754 3513 montis
769 3454 903 3513 convalle
918 3454 1045 3513 solemus

311 3546 491 3622 Despicere3
511 3546 569 3606 huc
584 3545 706 3606 summis
720 3546 871 3622 liquuntur
883 3546 1004 3623 rupibus
1018 3564 1130 3619 amnes,

311 3638 501 3714 Felicemque
515 3639 635 3699 trahunt
647 3638 917 3716 limum-quique
932 3638 1028 3699 editus
1042 3649 1151 3712 austro,

312 3732 351 3789 Et
364 3730 472 3789 filicem
485 3730 581 3791 curvis
595 3730 720 3791 invisam
734 3732 830 3809 pascit
844 3731 963 3791 aratris:

311 3823 374 3883 Hic
388 3821 441 3884 tibi
455 3824 641 3900 praevalidas
654 3824 726 3884 olim
739 3826 893 3901 multoque
906 3825 1033 3885 fluentes
