3017 4700
574 399 577 404 '
599 391 755 435 AENEIDOS
778 391 835 436 LIB.
858 393 878 434 1.

256 536 378 599 Moenia
393 538 607 614 Romanosque
621 557 675 598 suo
689 537 727 598 de
740 538 862 598 nomine
877 536 963 598 dicet
960 571 1000 638 f

255 632 314 691 His
330 649 385 708 ego
398 649 455 689 nec
469 637 563 688 metas
577 650 673 690 rerum
687 650 743 718 pec
758 641 892 708 tempora
905 650 1006 708 pon03

255 724 416 801 Imperium
431 722 493 782 sine
508 724 567 781 dne
580 723 659 782 dedi.
702 723 783 798 Quin
799 741 902 801 aspera
915 726 1004 800 Juno,

248 820 338 893 Quae
353 836 433 876 mare
447 834 526 875 nunc
541 826 688 891 terrasque
704 827 785 875 metu
799 818 974 893 coelumque
988 816 1100 894 fatigat,

255 909 386 971 Consilia
399 909 431 968 in
445 909 549 969 melius
563 909 675 982 referet,
691 928 868 985 mecumque
883 909 995 969 fovebit

255 1005 416 1076 Romanos,
432 1022 528 1062 rerum
543 1001 689 1075 dominos,
704 1013 883 1078 gentemque
897 1012 1036 1078 togatam

191 1139 207 1160 .
254 1096 301 1157 Sic
315 1096 463 1173 placitum.
500 1095 609 1156 Veniet
622 1094 719 1154 lustris
733 1095 901 1154 labentibus
916 1105 1006 1168 aetas,

252 1189 352 1262 Quum
362 1186 616 1280 domuslAfssaraci
624 1187 762 1251 Bhthiam
770 1187 921 1264 clarasque
937 1191 1081 1266 Mycenas

255 1280 379 1340 Servitio
393 1293 506 1358 premet
520 1299 554 1341 ac
568 1280 654 1341 victis
667 1280 868 1340 dominabitur
881 1280 975 1358 Argis.

254 1365 399 1434 Nascetur
413 1374 535 1450 pulchra
548 1377 695 1450 Trojanus
710 1373 821 1452 origine
837 1375 955 1447 Caesar,

254 1466 414 1544 Imperium
429 1469 561 1540 Oceano,
577 1467 751 1544 famamqui
766 1466 903 1527 terminet
917 1465 1009 1542 astris,

252 1560 355 1635 Julius
372 1578 390 1619 a
403 1579 511 1637 magno
525 1560 686 1620 demissum
700 1580 809 1620 nornen
826 1561 900 1620 Iulo.

255 1655 392 1712 Hunctu
407 1653 478 1712 olim
493 1655 586 1728 coelo,
603 1653 703 1730 spoliis
718 1654 850 1715 Orientis
865 1664 1013 1728 onustum,

254 1746 391 1823 Accipies
405 1765 526 1820 secura3
542 1747 695 1806 vocabitur
707 1746 757 1807 hic
772 1766 891 1823 quoque
905 1747 988 1806 votis.

252 1842 366 1916 Aspera
380 1849 442 1898 turn
457 1839 561 1916 positis
574 1839 730 1899 mitescent
745 1841 845 1899 secula
859 1840 944 1902 bellis
956 1863 964 1914 3
1047 1858 1051 1868 ·

252 1933 338 1992 Cana
352 1932 450 2006 Fides,
466 1943 496 1992 et
509 1935 609 2006 Vesta,
626 1934 724 1992 Remo
738 1952 806 1992 curn
821 1934 907 1992 fratre
922 1931 1071 2008 Quirinus

250 2027 323 2102 Jura
337 2026 468 2098 dabunt;
488 2025 568 2084 dirae
582 2026 658 2085 ferro
673 2035 703 2084 et
716 2025 908 2102 compdgibus
924 2014 992 2119 agiis

252 2119 436 2179 Claudentur
450 2117 522 2178 Belli
537 2128 659 2194 portae;
680 2120 774 2177 Furor
788 2118 895 2194 impius
909 2117 987 2177 intus

252 2193 345 2272 Saeva
359 2213 466 2271 sedens
480 2231 567 2288 super
581 2231 662 2270 arma
676 2221 705 2270 et
720 2221 839 2272 centum
853 2211 968 2272 vinctus
982 2211 1065 2272 aenis

253 2307 325 2366 Post
338 2315 451 2383 tergum
465 2304 552 2365 nodis
566 2305 670 2365 fremet
683 2305 818 2365 horridus
832 2323 881 2365 ore
896 2315 1043 2389 cruento,

273 2413 277 2424 '
293 2401 380 2458 Haec
394 2398 442 2472 ait,
458 2409 488 2457 et
503 2397 586 2457 Maia
599 2398 731 2475 genitum
746 2398 874 2459 demittit
889 2400 926 2458 ab
942 2399 1010 2473 altu,
1089 2430 1092 2437 ,

251 2488 296 2552 'Ut
311 2502 412 2564 terrae,
428 2501 519 2567 utque
533 2510 629 2551 novae
643 2502 765 2568 pateant
781 2491 971 2569 Karthaginis
986 2511 1067 2552 arces
1124 2527 1127 2534 ·
1150 2542 1152 2546 ,

253 2583 395 2661 Hospitio
409 2584 539 2659 TeucriS,
555 2605 593 2644 ne
607 2585 659 2645 fati
672 2585 773 2645 nescia
787 2586 869 2645 Dido
964 2618 966 2629 ·

252 2677 374 2737 Finibus
389 2688 506 2737 arceret.
543 2680 635 2738 Volat
647 2678 696 2738 ille
710 2698 763 2755 per
777 2682 845 2738 aera
857 2698 997 2755 magnum

251 2770 390 2847 Remigio
405 2772 524 2842 alarum,
540 2789 575 2831 ac
589 2770 701 2849 Libyae
715 2771 791 2831 citus
805 2772 918 2832 adstitit
933 2772 997 2833 oris,

252 2866 290 2923 Et
302 2866 364 2940 jam
377 2866 459 2940 jussa
472 2863 549 2937 facit,
565 2876 739 2942 ponuntque
754 2865 864 2925 ferocia
878 2866 972 2925 Poeni

252 2945 352 3017 Corda
365 2958 483 3016 volente
498 2958 575 3030 de03
595 2957 625 3015 in
640 2958 742 3034 primis
755 2958 857 3035 regina
871 2959 1002 3035 quietum

251 3050 370 3125 Accipit
384 3049 414 3108 in
430 3052 561 3110 Teucros
576 3050 706 3109 animum
720 3062 910 3128 mentemque
925 3052 1092 3129 benignam.

291 3145 333 3203 At
347 3142 413 3220 pius
428 3146 555 3216 AeneaS,
571 3163 623 3220 per
636 3154 755 3204 noctem
770 3145 896 3221 plurima
909 3146 1052 3219 volvens,

250 3238 295 3297 Ut
309 3236 434 3313 primum
449 3238 499 3295 lux
513 3237 591 3295 alma
604 3237 675 3295 data
688 3247 741 3310 est,
757 3236 835 3297 exire
849 3238 992 3314 locosque

247 3331 409 3407 Explorare
424 3348 526 3403 novos,
542 3348 615 3406 quas
629 3340 720 3389 vento
734 3329 891 3390 accesserit
905 3350 979 3404 oras,

249 3422 309 3498 Qui
324 3432 452 3510 teneant,
468 3441 538 3481 nam
551 3421 662 3480 inculta
675 3422 765 3497 videt,
780 3422 955 3483 hominesne
969 3425 1094 3498 serame,

248 3517 397 3591 Quaerere
411 3513 571 3588 constituit,
587 3513 734 3590 sociisque
748 3526 852 3575 exacta
865 3517 979 3576 referre.

248 3609 383 3669 Classem
397 3608 427 3666 in
443 3626 577 3667 convexo
591 3626 744 3666 nemorum
759 3609 813 3668 sub
828 3628 899 3685 mpe
914 3620 1017 3670 cavata

247 3700 410 3761 Arboribus
424 3703 554 3761 clausam
568 3700 678 3761 circum
693 3711 782 3778 atque
796 3702 981 3763 horrentibus
996 3702 1106 3763 umbris

249 3793 387 3871 Occulit;
406 3792 470 3873 ipse
483 3813 545 3855 uno
558 3793 688 3872 graditur
702 3794 859 3855 comitatus
874 3798 997 3871 Achate,
