3017 4700
562 383 895 461 Menandromulta
928 473 932 481 ,

245 563 338 623 Victa‘
345 563 423 639 jacet
437 559 540 638 pietas,
556 572 586 622 et
596 560 688 640 Virgo
701 563 795 624 caede
808 563 972 637 madentes,

189 678 191 688 ·
246 655 361 716 Ultima
374 655 545 728 coelestum,
561 664 650 714 terras
665 657 792 716 Astraea
804 655 930 733 reliquit.

246 751 330 808 Neve
345 748 420 808 foret
433 746 515 806 terris
529 746 658 808 securior
671 748 780 808 arduus
794 749 903 822 aether,

246 842 409 901 Affectasse
423 840 519 899 ferunt
533 857 655 916 regnum
669 841 798 901 coeleste
813 840 964 919 Gigantas,

245 935 373 1010 Altaque
387 941 545 1009 congestos
559 930 698 992 struxisse
711 933 748 993 ad
765 934 862 994 sidera
874 945 999 996 montes.

246 1029 324 1086 Tum
338 1035 421 1103 pater
435 1023 624 1100 omnipotens
637 1023 728 1084 misso
742 1026 879 1132 peripegit
923 1029 932 1087 l
983 1047 1054 1106 pum

246 1117 391 1192 Fulmine,
407 1127 437 1178 et
451 1115 578 1178 excussit
592 1118 728 1194 subjecto
743 1119 849 1178 Pelion
864 1119 892 1179 Ο
924 1139 966 1180 ae

246 1213 361 1274 Obruta
374 1211 452 1270 mole
467 1229 520 1270 sua
534 1227 626 1286 quum
640 1229 766 1286 corpora
779 1210 842 1270 dira
853 1211 994 1291 jacerent,

247 1305 397 1374 Perfusam
412 1304 505 1363 multo
520 1313 657 1362 natorum
671 1302 814 1380 sanguine
827 1306 949 1364 Terram

247 1395 442 1457 Immaduisse
456 1397 552 1456 ferunt
565 1393 753 1472 calidumque
767 1395 913 1458 animasse
928 1415 1069 1473 cruorem,

247 1492 293 1564 Et,
309 1508 347 1549 ne
361 1490 443 1549 nulla
457 1507 527 1548 suae
542 1487 639 1565 stirpis
654 1499 855 1583 monumenta!
861 1502 1022 1566 manerent,

247 1585 283 1642 In
297 1581 403 1642 faciem
417 1580 536 1641 vertisse
550 1580 712 1641 hominum.
755 1582 815 1642 Sed
826 1571 925 1642 'et'itla
935 1581 1068 1662 propago
1179 1613 1188 1639 1

247 1673 431 1736 Contemtrix
444 1692 583 1751 superum
597 1692 762 1750 saevaeque
777 1661 946 1736 avidissima
958 1677 1059 1738 caedis

247 1770 284 1828 Et
298 1767 429 1828 violenta
441 1767 496 1826 fuit
508 1789 524 1832 :2
535 1765 623 1826 scires
637 1785 654 1826 e
669 1766 811 1844 sanguine
825 1777 920 1830 natos.

246 1862 331 1940 Quae
345 1871 429 1938 pater
441 1870 474 1920 ut
488 1859 603 1920 summa
616 1858 689 1921 vidit
704 1860 856 1922 Saturnius
869 1881 945 1938 arce,

247 1953 374 2030 Ingemit
389 1962 426 2026 et,
441 1953 520 2013 facto
534 1952 668 2012 nondum
682 1954 801 2030 vulgata
814 1955 933 2030 recenti,

159 2083 163 2094 ι
246 2045 349 2106 Foeda
362 2043 530 2124 Lycaoniae
544 2045 672 2105 referens
686 2046 823 2106 convivia
835 2066 965 2124 mensae,

247 2141 388 2216 Ingentes
401 2136 500 2197 animo
515 2139 545 2198 et
558 2136 662 2214 dignas
675 2139 752 2214 Jove
765 2139 896 2218 concipit
909 2141 975 2217 iras,

247 2227 472 2303 Conciliumque
486 2238 591 2288 vocat:
612 2227 707 2288 tenuit
720 2248 804 2290 mora
816 2231 899 2292 nulla
911 2242 1042 2294 vocatos.

247 2323 300 2382 Est
313 2320 361 2383 via
374 2319 515 2395 sublimis,
532 2321 617 2381 coelo
631 2319 787 2383 manifesta
801 2342 925 2402 sereno;

246 2417 356 2475 Lactea
369 2433 478 2474 nomen
493 2413 591 2488 habet,
607 2415 734 2475 candore
750 2417 889 2478 notabilis
904 2418 989 2497 ipso:

246 2508 315 2569 Hac
329 2508 383 2569 iter
396 2518 441 2568 est
456 2506 567 2585 superis
581 2507 620 2568 ad
634 2507 734 2587 magni
748 2518 829 2570 tecta
841 2511 988 2585 Tonantis

245 2602 447 2679 Regalemque
462 2600 593 2660 domum.
636 2602 749 2662 Dextra
762 2603 906 2681 laevaque
921 2604 1045 2665 deorum

246 2694 329 2754 Atria
342 2692 486 2753 nobilium
500 2692 592 2753 valvis
606 2694 793 2755 celebrantur
807 2695 934 2775 apertis,

228 2778 233 2822 ³
246 2789 334 2848 Plebs
348 2785 461 2847 habitat
475 2784 591 2847 diversa
603 2786 695 2877 locisp
715 2807 734 2847 a
747 2789 845 2849 fronte
858 2798 996 2867 potentes

246 2880 416 2941 Coelicolae
430 2877 560 2955 clarique
575 2898 644 2940 suos
658 2899 784 2958 posuere
798 2893 930 2960 penates.

246 2972 307 3032 Hic
321 2973 404 3033 locus
418 2982 471 3045 est,
487 2992 584 3049 quem,
600 2972 626 3033 si
639 2974 737 3035 verbis
751 2975 877 3035 audacia
888 2976 983 3051 detur,

247 3066 339 3125 Haud
353 3064 473 3125 timeam
487 3064 586 3143 magni
601 3065 708 3127 dixisse
724 3067 838 3128 Palatia
851 3068 936 3129 coeli.

246 3160 324 3235 Ergo
339 3157 390 3217 ubi
403 3176 566 3219 marmoreo
582 3159 679 3237 superi
693 3160 796 3220 sedere
809 3179 936 3236 recessu,

246 3250 361 3311 Celsior
374 3249 436 3328 ipse
451 3251 518 3310 loco
533 3262 708 3329 sceptroque
722 3252 841 3313 innixus
855 3255 968 3314 eburno

245 3342 415 3403 Terrificam
429 3342 534 3420 capitis
547 3343 698 3421 concussit
712 3354 815 3422 terque
830 3357 991 3423 quaterque

247 3434 423 3509 Caesariem,
439 3455 507 3496 cum
522 3454 582 3517 qua
595 3445 710 3510 terram,
727 3456 815 3510 mare,
831 3437 928 3498 sidem
940 3438 1041 3499 movit

245 3528 368 3589 Talibus
382 3526 451 3588 inde
466 3528 564 3605 modis
579 3547 630 3587 ora
643 3527 828 3607 indignantia
834 3529 928 3611 solvit
940 3554 947 3590 ι

246 3618 316 3681 Non
331 3640 387 3699 ego
400 3639 456 3698 pro
469 3619 573 3680 mundi
587 3639 678 3698 regno
692 3620 786 3699 magis
800 3622 903 3683 anxius
916 3622 967 3683 illa
999 3607 1002 3620 ι

247 3716 436 3791 Tempestate
451 3712 500 3786 fui,
516 3732 575 3789 qua
589 3722 710 3774 centum
724 3714 849 3791 quisque
862 3717 986 3793 parabat

247 3806 372 3883 Injicere
388 3804 587 3884 anguipedum
601 3805 719 3883 captivo
733 3807 855 3867 brachia
867 3809 971 3870 coelo:
