3017 4700
591 398 751 443 smarnos
772 399 831 443 ΠΒ.
852 400 901 444 11..

253 546 344 608 Haud
359 545 461 623 ignota
475 544 629 621 loquor-
638 543 751 622 superis
766 545 914 606 concessit
928 547 966 608 ab
980 545 1050 624 oris,
1057 538 1071 644 s

252 642 387 700 Afflictus
402 638 494 698 vitam
508 637 539 696 in
553 638 683 698 tenebris
697 639 838 715 luctuque
853 641 1014 716 trahebam,

253 736 291 793 Et
305 753 407 793 casum
422 731 548 792 insontis
562 749 680 791 mecum
694 731 870 808 indignabar
884 732 978 794 amici

253 830 318 886 Nec
333 825 412 886 tacui
427 825 560 898 demens,
576 834 606 884 et
614 843 676 897 me,
691 825 751 883 fors
766 823 790 883 si
805 844 864 901 qua
878 825 1001 902 tulisset,
1050 839 1054 852 '

252 920 283 981 Si
296 921 409 996 patrios
423 937 566 994 umquam
579 935 758 977 remeassem
772 917 866 978 victor
879 920 918 978 ad
932 922 1038 997 Argos,
1206 949 1230 990 95

245 1011 379 1072 Promisi
394 1014 527 1086 ultorem,
544 1022 574 1071 et
586 1010 685 1070 verbis
698 1009 770 1070 odia
783 1030 887 1088 aspera
901 1012 988 1072 movi.

253 1107 336 1166 Hinc
350 1105 423 1165 mihi
437 1105 531 1182 prima
544 1104 615 1164 mali
633 1105 725 1177 labes,
740 1102 811 1163 hinc
826 1123 943 1181 semper
957 1106 1061 1168 Ulixes

254 1199 435 1260 Criminibus
449 1209 556 1258 terrere
571 1197 665 1271 novis,
681 1197 752 1256 hinc
768 1216 904 1274 spargere
917 1218 1008 1260 voces

199 1280 205 1294 '
254 1295 291 1352 In
305 1294 426 1369 vulgum
441 1291 601 1368 ambiguas,
618 1300 648 1351 et
663 1309 804 1366 quaerere
818 1291 954 1352 conscius
969 1312 1076 1383 armas

254 1388 320 1445 Nec
334 1384 479 1461 requievit
493 1383 580 1459 enim,
597 1385 695 1443 donec
709 1382 874 1444 Calchante
889 1385 1072 1446 ministro-
1195 1417 1231 1446 ιω

255 1479 321 1538 Sed·
330 1477 402 1555 quid
417 1496 472 1555 ego
489 1479 563 1538 haec
578 1487 678 1537 autem
692 1477 895 1554 nequidquam
910 1476 1023 1554 ingrata
1036 1481 1177 1543 revolvo?
1275 1473 1280 1484 ’

253 1571 372 1646 Quidve
386 1591 493 1642 moror,
510 1571 535 1630 si
550 1590 655 1630 omnes
667 1590 730 1631 uno
744 1570 848 1631 ordine
862 1570 979 1631 habetis
994 1573 1135 1649 Achivos,

254 1665 350 1741 quue
365 1664 466 1723 audire
481 1675 526 1723 sat
539 1653 586 1724 est
594 1667 613 1732 l,-
644 1664 827 1740 Jamdudum
841 1663 948 1724 sumite
962 1683 1096 1743 poenas3

254 1760 326 1817 Hoc
341 1758 462 1817 Ithacus
475 1756 554 1831 velit,
571 1753 607 1817 et'
613 1775 723 1834 magno
737 1768 905 1818 mercentur
917 1757 1049 1820 Atridae.

292 1853 371 1909 Turn
386 1869 455 1910 vero
470 1852 607 1912 ardemus
621 1841 720 1910 scitari
734 1860 764 1910 et
779 1865 919 1926 quaerere
933 1871 1061 1928 caussas,
1193 1881 1229 1921 ιω

254 1943 353 2020 Ignari
367 1946 511 2003 scelerum
526 1953 675 2003 tantorum
690 1943 818 2019 artisque
834 1944 985 2022 Pelasgae.

256 2037 448 2113 Prosequitur
461 2038 605 2113 pavitans,
622 2046 652 2095 et
664 2037 735 2095 ficto
750 2047 870 2113 pectore
884 2038 977 2098 fatur:

296 2131 390 2206 Saepe
404 2131 502 2206 fugam
518 2129 617 2187 Danai
631 2131 724 2205 TroJa
736 2128 855 2206 cupiere
869 2129 971 2190 relicta

256 2222 358 2281 Moliri
372 2233 402 2282 et
415 2225 506 2302 longo
520 2222 590 2282 fessi
604 2222 758 2283 discedere
772 2222 852 2282 bello
864 2245 872 2297 ;

256 2315 466 2393 Fecissentque
481 2316 612 2377 utinam!
634 2334 724 2393 saepe
738 2315 805 2377 illos
814 2315 924 2393 faspera
936 2315 1022 2394 ponti
1194 2347 1231 2377 tro

256 2409 426 2469 Interclusit
447 2409 552 2488 hiemsj
572 2418 602 2467 et
621 2409 724 2469 terruit
738 2412 846 2469 Auster
860 2421 971 2471 euntes.

255 2504 426 2579 Praecipue,
443 2523 534 2579 quum
545 2503 607 2582 jam
622 2502 671 2562 hic
685 2503 817 2563 trabibus
831 2514 989 2565 contextus
1004 2502 1119 2568 aeemis

257 2596 352 2655 Staret
367 2613 470 2672 equus
487 2606 551 2656 toto
566 2606 728 2655 sonuerunt
741 2592 860 2656 aethere
874 2596 975 2656 nimbi.
996 2598 1001 2645 l

256 2688 397 2765 Suspensi
413 2691 593 2766 Eurypylum
608 2689 765 2749 scitantem
780 2691 900 2749 oracula
914 2688 1028 2750 Phoebi
1182 2768 1185 2775 ,

256 2782 410 2855 Mittimus,
427 2782 511 2858 isque
525 2781 622 2859 adytis
636 2783 711 2842 haec
725 2782 819 2843 tristia
833 2782 913 2844 dicta
927 2792 1076 2860 reportat:
1195 2812 1230 2851 ης

256 2874 403 2951 Sanguine
419 2874 557 2952 placastis
571 2886 677 2935 ventos
691 2885 721 2935 et
733 2875 845 2952 virgine
860 2894 955 2950 caesa,

254 2968 354 3041 Quum
369 2968 495 3043 primum
511 2970 625 3042 Iliacas,
642 2968 749 3042 Danai,
765 2958 886 3028 venistis
901 2970 938 3029 ad
954 2988 1041 3044 oras,

254 3060 403 3137 Sanguine
418 3060 578 3138 quaerendi
591 3060 712 3134 redituS,
728 3062 886 3137 animaque
900 3061 1046 3124 litandum

253 3153 399 3229 Argolica
442 3154 531 3231 Vulgi
546 3174 623 3231 quae
636 3172 696 3213 vox
708 3165 742 3213 ut
754 3154 837 3213 venit
851 3155 889 3214 ad
904 3174 996 3228 aures,

253 3246 443 3323 Obstupuere
457 3247 556 3320 animi,
571 3247 746 3323 gelidusque
760 3266 813 3323 per
830 3247 889 3305 ima
903 3247 1031 3309 cucurrit
1194 3278 1230 3326 po
1276 3250 1282 3261 '

232 3413 234 3416 Ι
253 3340 331 3399 Ossa
345 3350 465 3415 tremor,
478 3341 526 3400 cui
540 3342 599 3401 lata
612 3351 725 3418 parent,
741 3336 831 3416 quern
845 3351 949 3417 poscat
962 3341 1081 3418 Apollo.
1120 3358 1168 3411 tu.
1182 3362 1215 3431 ,s
1245 3376 1253 3395 a
1280 3378 1286 3396 .-

254 3431 317 3490 Hic
332 3434 453 3493 Ithacus
466 3445 565 3493 vatem
579 3452 689 3510 magno
703 3434 869 3493 Calchanta
883 3435 1010 3495 tumultu
1175 3457 1188 3525 y

254 3526 401 3586 Protrahit
415 3528 446 3586 in
460 3527 596 3601 medios;
616 3545 693 3602 quae
707 3526 766 3587 sint
781 3545 817 3585 ea
830 3526 952 3587 numina
966 3527 1074 3603 divum,

252 3618 387 3695 Flagitat.
430 3622 469 3680 Et
482 3620 555 3679 mihi
566 3622 629 3696 jam
642 3619 728 3679 multi
741 3620 860 3679 cmdele
875 3622 1023 3683 canebant

211 3786 213 3788 ‚
250 3712 380 3771 Artificis
394 3715 500 3786 scelus,
516 3723 547 3773 et
561 3707 643 3773 taciti
655 3722 780 3771 ventura
793 3713 942 3773 videbant

251 3803 301 3877 Bis
316 3804 424 3881 quinos
438 3806 505 3866 silet
517 3805 568 3865 ille
582 3805 654 3880 dies,
670 3814 825 3883 tectusque
840 3818 955 3867 recusat
