3017 4700
304 482 360 535 124
613 478 640 521 P.
660 477 794 521 VIRGlLII
815 477 958 522 MARONIS

302 626 422 701 Europa
435 634 524 700 atque
538 622 611 683 Asia
623 624 733 700 pulsus
778 625 843 683 Nec
858 625 942 700 plura
956 633 1127 700 querentem

218 778 222 786 ,
301 720 394 778 Passa
407 719 510 776 Venus
523 716 623 778 medio
638 716 680 776 sic
694 716 831 777 interfata
845 718 947 777 dolore
962 727 1024 777 est:

342 810 487 887 Quisquis
501 830 542 884 es,
557 811 646 885 haud,
662 811 762 884 cred0,
777 810 888 869 invisus
903 810 1082 870 coelestibus
1096 829 1180 870 auras

300 905 414 963 Vitales
428 903 531 980 carpis,
547 903 666 980 Tyriam
680 903 731 980 qui
746 902 900 962 adveneris
915 903 1024 963 urbem.

302 999 394 1074 Perge
408 997 508 1071 modo,
525 1007 613 1073 atque
627 995 697 1056 hinc
711 1007 741 1056 te
754 995 873 1073 reginae
888 997 926 1055 ad
941 995 1042 1054 limina
1057 997 1158 1073 perfer.

302 1093 440 1166 Namque
454 1089 508 1149 tibi
522 1090 646 1153 reduces
660 1089 758 1149 socios
773 1091 957 1165 classemque
972 1090 1093 1148 relatam

302 1184 416 1242 Nuntio
431 1193 460 1242 et
474 1182 504 1240 in
520 1194 615 1242 tutum
628 1181 719 1242 versis
733 1181 923 1258 aquilonibus
937 1191 1042 1256 actam,

302 1277 342 1336 Ni
356 1277 461 1336 flustra
474 1276 627 1353 augurium
640 1275 709 1334 vani
723 1275 851 1335 docuere
865 1286 1009 1352 parentes.

302 1369 433 1447 Adspice
447 1369 493 1430 bis
507 1389 596 1428 senos
610 1371 753 1428 laetantes
768 1367 884 1446 agmine
898 1386 1017 1446 cycnos,
1055 1445 1057 1449 Ι

300 1463 442 1523 Aetheria
455 1482 530 1539 quos
544 1464 628 1538 lapsa
640 1463 731 1539 plaga
741 1461 825 1538 Jovis
840 1463 901 1521 ales
916 1472 1018 1538 aperto

300 1558 454 1615 Turbabat
468 1558 573 1630 coelo;
592 1574 682 1615 nunc
687 1566 777 1615 terras
792 1554 895 1615 ordine
910 1556 1001 1632 longo

263 1678 265 1733 q
300 1652 362 1708 Aut
376 1667 481 1725 capere
493 1659 544 1708 aut
554 1659 655 1725 captas
668 1651 730 1725 jam
744 1647 917 1726 despectare
931 1648 1085 1709 videntur:

263 1745 347 1802 Ut
359 1742 482 1801 reduces
496 1742 538 1800 illi
552 1743 658 1801 ludunt
671 1741 862 1802 stridentibus
877 1741 938 1816 alis,

302 1837 341 1894 Et
355 1845 443 1894 coetu
457 1835 574 1894 cinxere
588 1836 699 1912 polum,
733 1845 879 1912 antusque
894 1835 1011 1908 dedere,

302 1930 394 1988 Haud
410 1928 493 1987 aliter
506 1946 679 2005 puppesque
726 1945 762 1988 ae
777 1930 931 2005 pubesque
945 1939 1061 1988 tuorum

302 2024 363 2081 Aut
376 2032 493 2098 portum
508 2032 597 2095 tenet,
613 2032 664 2080 aut
677 2023 769 2098 pleno
784 2021 863 2080 subit
876 2020 953 2082 ostia
965 2022 1039 2080 velo.

279 2125 284 2134 '
301 2117 394 2191 Perge
408 2115 508 2188 modo,
522 2124 562 2188 et,
578 2103 680 2191 quate
694 2114 777 2174 ducit
790 2114 845 2189 via,
861 2113 953 2191 dirige
967 2133 1137 2192 gressumf

342 2208 433 2282 Dixit,
450 2219 479 2268 et
493 2217 627 2267 avertens
641 2225 727 2268 rosea
741 2207 856 2267 cervice
872 2206 993 2280 refulsit,

301 2301 536 2379 Ambrosiaeque
550 2320 654 2362 comae
669 2300 801 2361 divinum
815 2299 924 2361 vertice
938 2300 1061 2360 odorem

300 2396 461 2473 Spiravere,
477 2396 570 2471 pedes
583 2395 673 2454 vestis
688 2394 812 2453 defluxit
825 2395 861 2453 ad
878 2394 962 2469 imos,

286 2566 289 2570 ¹
301 2492 340 2549 Et
354 2508 423 2549 vera
437 2488 555 2548 incessu
568 2488 664 2565 patuit
678 2488 741 2546 dea.
787 2488 843 2551 Ille
857 2487 908 2547 ubi
921 2497 1046 2547 matrem

300 2582 439 2659 Agnovit,
455 2582 506 2641 tali
520 2581 681 2657 fugientem
693 2590 739 2639 est
753 2596 828 2639 uoce
842 2590 978 2639 secutus:

301 2676 382 2751 Quid
396 2687 498 2734 natum
513 2674 609 2748 toties,
626 2673 755 2733 crudelis
768 2684 801 2731 tu
815 2692 942 2749 quoque,
955 2672 1035 2732 falsis
1231 2738 1238 2747 ,

301 2768 393 2827 Ludis
408 2768 604 2845 imaginibus?
625 2786 677 2826 cur
690 2767 811 2825 dextrae
822 2768 945 2845 jungere
959 2768 1093 2826 dextram

302 2864 372 2920 Non
387 2862 473 2921 datur
486 2881 521 2920 ac
536 2880 619 2920 veras
633 2860 736 2919 audire
749 2870 779 2919 et
792 2861 917 2919 reddere
931 2862 1042 2919 voces?
1196 2853 1197 2857 ¹

301 2954 423 3014 Talibus
438 2954 561 3027 incusat,
576 2972 767 3031 gressumque
782 2954 818 3013 ad
834 2953 952 3013 moenia
966 2952 1067 3013 tendit.

271 3048 274 3061 '
302 3050 343 3107 At
356 3050 460 3107 Venus
475 3048 603 3107 obscuro
617 3046 785 3124 gradientes
799 3066 866 3107 aere
881 3046 999 3123 saepsit,

303 3143 341 3199 Et
355 3142 448 3200 multo
462 3142 589 3200 nebulae
603 3141 714 3200 circum
729 3142 787 3201 dea
799 3140 876 3201 fudit
890 3138 1007 3213 amictu,

302 3235 431 3293 Cernere
445 3254 483 3293 ne
498 3234 564 3309 quis
578 3254 639 3308 eos,
654 3254 714 3293 neu
728 3234 794 3311 quis
809 3233 980 3310 contingere
995 3242 1105 3309 posset,

302 3326 439 3385 Molirive
454 3346 574 3400 moram,
589 3339 641 3387 aut
654 3327 794 3388 veniendi
808 3346 931 3405 poscere
946 3344 1073 3386 caussas.

303 3421 374 3495 Ipsa
388 3420 522 3496 Paphum
537 3421 668 3480 sublimis
682 3421 753 3495 abit,
770 3423 917 3498 sedesque
931 3419 1031 3480 revisit
1220 3410 1224 3417 ’
1242 3450 1279 3488 41⁵

303 3512 396 3571 Laeta
410 3531 485 3584 suas,
500 3514 552 3573 ubi
565 3515 708 3590 ternplum
721 3514 764 3573 illi
765 3525 967 3590 ‚centumque
983 3514 1099 3573 Sabaeo

260 3614 286 3672 l
302 3606 380 3663 Ture
395 3606 493 3664 calent
507 3624 574 3666 arae
589 3607 732 3683 sertisque
746 3626 833 3667 recen
836 3607 914 3698 tibus
928 3607 1037 3692 halant.

234 3764 238 3769 ⁸
343 3698 556 3774 Corripuere
528 3720 607 3759 viam
620 3700 741 3773 interea,
758 3720 817 3777 qua
831 3689 936 3762 ser'nita
949 3708 1101 3759 monstrat.

301 3791 428 3866 Jamque
443 3793 645 3852 ascendebant
658 3795 775 3867 collem,
792 3812 843 3869 qur
835 3770 999 3869 plurimus
1013 3791 1078 3851 urbi

303 3882 443 3943 Imminet
458 3885 654 3963 adversasque
668 3887 824 3963 adspectat
838 3886 965 3961 desuper
979 3902 1068 3945 arces
1244 3916 1281 3953 μυ
1300 3958 1301 3963 ¹
