3017 4700
625 425 782 471 aauarnos
804 426 862 468 rra.
879 427 913 478 1..
1194 428 1249 489 125

280 574 407 638 Miratur
420 573 531 633 molem
545 575 672 646 Aeneas,
688 571 816 650 magalia
831 573 991 648 quondam,

280 667 407 727 Miratur
418 676 521 744 portas
535 665 751 742 strepitumque
765 675 795 724 et
805 675 897 726 strata
910 665 1031 732 viarum
1057 660 1100 730 fer
1113 687 1118 704 2
1134 712 1141 726 „
1155 675 1187 718 a,
1214 687 1225 722 r
1248 709 1251 716 Δ
1280 672 1325 719 :a

279 764 397 822 Instant
410 761 550 835 ardentes
563 759 655 837 Tyrii,
670 778 738 834 pars
753 759 861 818 ducere
876 777 975 821 muros

277 853 440 931 Molirique
454 872 553 913 arcem
566 862 597 912 et
609 851 748 913 manibus
763 851 938 912 subvolvere
953 872 1030 927 saxa,

278 947 349 1006 Pars
362 956 466 1024 optare
480 947 579 1006 locum
593 955 673 1006 tecto
688 954 718 1006 et
731 945 909 1010 concludere
924 947 1007 1009 sulco
1012 969 1027 1022 ,5
1213 977 1251 1026 ,⁴²5

276 1041 348 1116 Jura
361 1040 610 1119 magistratusque
623 1040 728 1117 legunt
741 1049 938 1115 sanctumque
952 1049 1088 1102 serratum
1099 1062 1109 1116 3

278 1133 340 1192 Hic
354 1143 458 1210 portus
471 1133 523 1194 aiii
535 1133 697 1194 effodiunt:
717 1131 767 1193 uic
780 1132 841 1192 alta
854 1132 959 1192 theatri

279 1227 485 1286 Fundamenta
498 1228 598 1286 locant
612 1225 670 1300 alii,
685 1219 891 1301 immanesque
906 1227 1059 1288 columnas

277 1318 579 1395 Rupibusereidunt,
594 1318 694 1380 scenis
708 1319 819 1380 decora
831 1319 893 1378 alta
906 1315 1019 1380 funms.

275 1398 381 1485 Qualis
396 1431 467 1490 apes
481 1423 591 1474 aestate
606 1431 685 1472 nova
698 1431 751 1488 per
764 1411 856 1472 florea
869 1431 936 1472 rura
1214 1441 1254 1482 4³0

247 1515 262 1556 ⁵
276 1505 403 1565 Exercet
417 1506 471 1565 sub
485 1507 548 1566 sole
562 1507 653 1580 labor,
670 1525 762 1583 quum
773 1504 871 1582 gentis
885 1505 1002 1568 adultos
1130 1519 1164 1653 (p
1244 1487 1253 1533 ²
1263 1573 1264 1580 χ
1300 1521 1310 1544 t
1330 1581 1336 1595 Ι

277 1597 416 1658 Educunt
428 1600 513 1672 fetus,
528 1609 579 1660 aut
592 1618 684 1675 quum
697 1598 842 1676 liquentia
855 1599 945 1660 mella
1012 1611 1063 1665 ow
1073 1611 1124 1672 cca
1139 1639 1170 1671 «Α
1233 1609 1251 1658 ’ἶ
1277 1613 1280 1620 ’
1329 1598 1332 1606 ’

278 1691 395 1771 Stipant
408 1703 440 1752 et
453 1691 533 1752 dulci
546 1692 720 1754 distendunt
732 1703 852 1756 nectare
866 1693 965 1766 cellas,
996 1731 998 1736 ,

274 1785 336 1844 Aut
351 1803 441 1844 onera
454 1785 604 1862 accipiunt
616 1785 797 1860 venientum,
812 1796 864 1848 aut
877 1786 995 1864 agmine
1009 1785 1089 1850 sacto

276 1879 420 1954 Ignavum
434 1879 517 1938 fucos
531 1898 622 1955 pecus
636 1897 655 1941 a
668 1877 860 1961 praesepibus
875 1889 993 1940 arcent:
1205 1906 1250 1956 ‚⁴³⁵

276 1964 382 2031 Fervet
395 1991 482 2048 opus,v
493 1964 688 2048 redolentque
702 1973 805 2049 thymo
820 1971 977 2050 fragrantia
991 1972 1087 2040 tuella.

275 2064 304 2125 0
318 2065 464 2139 fortunati,
480 2084 605 2142 quorum
616 2066 679 2144 jam
693 2065 813 2126 moenia
827 2069 967 2142 surgunt!
1079 2067 1082 2072 '

274 2160 392 2218 Aeneas
406 2158 455 2232 ait,
470 2168 500 2218 et
514 2157 629 2235 fastigia
643 2157 766 2235 suspicit
780 2157 868 2218 urbis.

274 2251 370 2311 Infert
383 2271 414 2311 se
429 2262 547 2329 saeptus
561 2251 863 2314 nebula-mirabile
878 2249 959 2314 dictu
967 2285 1008 2296 ·-—

275 2347 332 2405 Per
344 2345 468 2420 medios,
483 2344 648 2423 miscetque
661 2344 738 2420 viris,
753 2365 852 2423 neque
866 2345 994 2407 cernitur
1008 2345 1067 2409 ulli.

242 2514 248 2527 .
313 2441 412 2499 Lucus
425 2438 456 2499 in
470 2441 543 2500 urbe
556 2439 612 2501 suit
625 2439 733 2513 media,
747 2438 926 2502 laetissimus
941 2442 1071 2515 umbrae,

274 2530 343 2605 Quo
357 2531 483 2609 primum
494 2532 598 2609 jactati
612 2532 744 2593 undis‘et
758 2532 874 2595 turbine
890 2534 983 2596 Poeni

274 2612 410 2685 Effodere
420 2626 493 2686 >loco
507 2624 631 2702 signum,
647 2626 728 2703 quod
742 2627 823 2704 regia
835 2628 916 2703 June
1057 2621 1061 2628 ’

275 2718 464 2792 Monstrarat,
479 2730 569 2796 caput
582 2719 659 2800 acris
674 2720 763 2796 equi:
782 2719 908 2781 sienem
923 2720 986 2780 fore
1000 2720 1080 2781 bello

274 2810 428 2887 Egregiam
442 2822 473 2871 et
485 2812 603 2873 facilem
616 2812 697 2873 victu
710 2833 763 2889 per
776 2814 894 2874 saecula
907 2823 1035 2889 gentem.

273 2903 335 2963 Hic
349 2905 493 2981 templum
507 2905 620 2981 Junoni
633 2905 737 2982 ingens
753 2904 878 2967 Sidonia
892 2905 973 2965 Dido

274 2997 440 3071 Condebat,
455 2998 544 3059 donis
557 2998 734 3077 opulentum
747 3009 778 3061 et
791 2998 913 3061 numine
928 2998 1022 3073 divae,
1038 3019 1061 3065 t.

272 3091 369 3149 Aerea
382 3090 430 3150 cui
443 3091 584 3169 gradibus
598 3095 756 3169 surgebant
770 3092 873 3153 limina
886 3108 1041 3169 nexaeque

273 3186 351 3244 Aere
364 3184 471 3260 trabes,
486 3186 598 3245 foribus
611 3186 703 3247 cardo
716 3186 860 3249 stridebat
873 3185 962 3247 aenis
981 3219 993 3254 v1

273 3278 344 3337 Hoc
358 3276 485 3355 primum
499 3277 531 3337 in
544 3280 613 3338 luco
627 3297 707 3337 nova
719 3298 766 3338 res
780 3278 881 3338 oblata
895 3262 1032 3343 timoiem

272 3369 378 3444 Leniit‚
393 3370 443 3429 hic
456 3369 584 3447 primum
597 3372 717 3430 Aeneas
731 3390 848 3447 sperare
863 3372 988 3433 salutem
1049 3436 1050 3441 ,

272 3464 371 3521 Ausus
384 3474 415 3523 et
428 3462 542 3525 afflictis
556 3462 663 3523 melius
677 3463 827 3523 confidere
840 3464 937 3523 rebus.

271 3556 410 3631 Namque
425 3553 480 3615 sub
493 3555 607 3633 ingenti
621 3556 729 3617 lustrat
739 3556 812 3617 dum
826 3552 942 3633 singula
954 3558 1076 3635 templo,

270 3648 418 3727 Reginam
433 3650 600 3726 opperiens,
615 3650 695 3722 dum,
712 3668 789 3727 quae
804 3652 936 3713 Fortuna
950 3651 988 3713 sit
1002 3652 1077 3725 urbi,

270 3741 485 3818 Artificumque
499 3760 606 3803 manus
619 3742 696 3803 inter
710 3762 743 3803 se
758 3762 939 3820 operumque
954 3746 1085 3807 laborem

270 3832 404 3909 Miratur,
419 3834 502 3895 videt
515 3834 623 3897 Iliacas
637 3855 676 3897 ex
687 3835 792 3897 ordine
805 3854 923 3913 pugnas
