3017 4700
518 437 725 482 METAMORPH.
749 438 807 480 LIB.
830 439 857 481 V·

205 587 289 660 Quae
304 569 476 660 freta‚'quas
490 593 581 644 terras
596 584 651 643 sub
665 602 698 643 se
712 583 835 644 vidisset
852 585 891 645 ab
905 586 975 659 alto,

205 681 244 738 Et
258 696 333 755 quae
345 675 463 757 jactatis
477 675 620 754 tetigisset
634 675 731 736 sidera
743 677 857 754 pennis.

305 785 323 819 a
465 779 484 819 a
623 779 642 819 a
783 784 801 821 a
942 784 961 821 a

585 1145 731 1206 LIBER
755 1146 799 1206 v.
827 1126 833 1137 '

305 1345 324 1379 ἰ
465 1346 483 1383 Ι
603 1343 622 1382 ¹1¹
762 1342 781 1382 ᾖ
921 1344 940 1381 ἢ

206 1427 313 1483 Prunrn
328 1425 420 1486 Ceres
434 1444 513 1485 unco
526 1426 645 1502 glebam
660 1424 785 1486 dimovit
799 1435 903 1498 aratr0‚

206 1517 304 1576 Prima
318 1517 401 1577 dedit
414 1517 510 1595 fruges
525 1518 722 1594 alimentaque
736 1518 820 1578 mitia
834 1518 924 1593 terris,

207 1609 305 1669 Prima
319 1610 401 1670 dedit
415 1611 495 1688 leges
506 1634 515 1686 3
536 1610 652 1672 Cereris
667 1623 735 1671 sunt
749 1612 851 1671 omnia
863 1630 990 1672 munus:

147 1705 151 1711 '
206 1704 263 1762 Illa
276 1705 411 1764 canenda
425 1704 497 1762 mihi
512 1715 563 1765 est
608 1704 732 1764 Utinam
747 1706 839 1765 modo
853 1705 951 1765 dicere
965 1722 1085 1782 possem

206 1796 347 1857 Carmina
360 1797 449 1874 digna
464 1798 538 1856 dea!
581 1799 669 1858 Certe
684 1799 741 1857 dea
755 1797 886 1858 carmine
900 1797 990 1875 digna
1003 1809 1056 1858 est

204 1891 298 1949 Vasta
312 1889 465 1966 Giganteis
479 1889 589 1966 injecta
603 1899 649 1950 est
663 1890 760 1950 insula
773 1891 912 1951 membris

205 1983 363 2056 Trinacris,
379 1994 409 2043 et
423 1981 538 2060 magnis
553 1973 718 2059 subjeetum
733 1984 862 2044 molibus
876 1993 959 2060 urget

204 2076 359 2136 Aetherias
374 2095 477 2136 ausum
492 2094 607 2152 sperare
621 2077 769 2152 Typhoea
782 2077 875 2136 sedes.

206 2169 317 2228 Nititur
331 2169 378 2230 ille
393 2168 515 2246 quidem
529 2180 699 2246 pugnatque
713 2186 862 2245 resurgere
877 2187 986 2246 saepe;

206 2263 320 2322 Dextra
334 2263 385 2322 sed
399 2262 534 2324 Ausonio
549 2281 653 2322 manus
668 2273 713 2322 est
727 2262 861 2338 subjecta
875 2263 991 2335 Pelor0,

205 2358 313 2429 Laeva,
330 2357 477 2434 Pachyne‚
493 2356 555 2431 tibi,
572 2358 715 2433 Lilybaeo
730 2374 814 2415 crura
827 2367 1006 2433 premuntur,

205 2450 354 2527 Degravat
367 2452 467 2511 Aetna
480 2460 587 2527 caput:
609 2451 664 2510 sub
678 2469 738 2527 qua
750 2449 905 2526 resupinus
919 2467 1022 2509 arenas

205 2543 320 2621 Ejectat
334 2543 541 2620 flammamque
556 2545 618 2603 sero
632 2542 725 2603 vomit
740 2562 790 2602 ore
804 2542 977 2619 Typhoeus

204 2638 298 2713 Saepe
312 2635 440 2695 remoliri
454 2637 581 2696 luctatur
594 2637 728 2713 pondera
741 2645 843 2709 terrae,

205 2728 384 2805 Oppidaque
400 2738 431 2788 et
444 2747 568 2805 magnos
583 2729 739 2789 devolvere
754 2746 878 2805 corpore
893 2738 1018 2788 montes

205 2821 281 2881 Inde
296 2821 394 2881 tremit
408 2823 503 2896 tellus,
519 2832 549 2881 et
563 2841 614 2881 rex
628 2832 716 2898 pavet
730 2821 793 2898 ipse
809 2821 955 2895 silentum,

108 2924 110 2928 “
205 2916 253 2974 Ne
267 2925 368 2991 pateat
382 2916 502 2991 latoque
517 2916 612 2975 solum
626 2925 772 2992 retegatur
785 2914 875 2988 hiatu,

195 2999 419 3084 'Immissusque
434 3008 497 3067 dies
512 3008 694 3085 trepidantes
708 3018 815 3067 terreat
828 3009 955 3067 umbras.

204 3102 295 3159 Hanc
310 3110 445 3159 metuens
459 3101 576 3160 cladem
591 3101 749 3161 tenebrosa
763 3099 834 3160 sede
849 3112 989 3177 tyrannus

205 3193 332 3266 Exierat,
347 3212 491 3269 curruque
506 3205 634 3254 atrorum
648 3205 750 3254 vectus
766 3212 909 3269 equorum

202 3286 346 3346 Ambibat
361 3286 477 3346 Siculae
491 3298 594 3347 cautus
609 3286 783 3347 fundamina
797 3297 897 3346 terrae.

187 3452 191 3458 Ι
203 3380 365 3454 Postquam
380 3380 563 3456 exploratum
579 3379 648 3439 satis
663 3388 716 3453 est,
732 3380 799 3438 loca
812 3380 894 3439 nulla
908 3379 1015 3451 labare,

203 3470 400 3547 Depositique
414 3483 519 3546 metus,
531 3470 612 3531 videt
626 3473 705 3531 hunc
721 3470 848 3548 Erycina
860 3481 1018 3547 vagantem

203 3564 311 3623 Monte
326 3582 380 3623 suo
394 3564 535 3638 residens,
552 3574 713 3641 natumque
728 3566 865 3641 amplexa
878 3565 1037 3637 volucrem,

201 3657 294 3714 Anna
308 3675 472 3734 manusque
487 3675 580 3730 meae,
596 3676 671 3729 mea,
687 3668 764 3730 nate,
780 3657 922 3733 potentia,
939 3656 1020 3730 dixit,

203 3749 267 3822 Illa,
284 3748 390 3825 quibus
405 3768 524 3827 superas
539 3768 652 3821 omnes,
668 3768 741 3826 cape
755 3751 823 3823 tela,
840 3750 968 3827 Cupid0,

203 3843 300 3918 Inque
315 3841 363 3902 dei
377 3852 481 3920 pectus
496 3843 606 3903 celeres
621 3841 724 3903 molire
741 3843 870 3920 sagittas,
