3017 4700
316 375 355 446 84
630 387 656 429 P.
675 387 808 431 VlRGlLll
830 389 973 433 MARONIS

315 535 530 609 Terrarumque
544 530 618 592 velis
631 551 739 607 curam,
756 543 786 593 et
800 543 829 594 te
843 532 987 593 maximus
1002 534 1081 596 orbis

315 630 476 686 Auctorem
491 627 605 703 frugum
619 636 889 704 tempestatumque
904 637 1057 704 potentem

313 717 459 795 Accipiat,
474 718 595 795 cingens
609 730 742 778 materna
755 729 890 794 tempora
903 731 1008 798 myrto,

314 815 364 870 An
378 813 451 872 deus
466 810 602 871 immensi
615 812 716 872 venias
730 812 829 886 maris,
846 831 882 872 ac
895 823 947 872 tua
959 824 1069 874 nautae

314 904 447 964 Numina
460 905 524 964 sola
537 905 645 978 colant,
661 903 715 963 tibi
730 904 837 964 serviat
850 904 954 965 ultima
966 907 1073 979 Thule,
1159 925 1162 934 ’

313 1000 417 1074 Teque
432 996 488 1057 sibi
502 1017 642 1076 generum
656 998 770 1075 Tethys
784 1008 863 1059 emat
878 999 1017 1058 omnibus
1031 998 1127 1072 undis,

312 1093 401 1150 Anne
415 1109 526 1150 novum
540 1090 631 1150 tardis
644 1090 725 1150 sidus
739 1102 769 1150 te
783 1092 934 1151 mensibus
948 1092 1051 1166 addas,

313 1184 381 1258 Qua
395 1184 477 1243 locus
493 1184 642 1262 Erigonen
657 1183 733 1243 inter
747 1184 916 1260 Chelasque
932 1195 1092 1261 sequentes

313 1276 475 1350 Panditur,
496 1276 560 1352 ipse
575 1276 629 1336 tibi
641 1277 702 1355 jam
717 1276 838 1336 brachia
851 1277 999 1336 contrahit
1013 1277 1120 1338 ardens

312 1368 459 1444 Scorpios,
475 1379 505 1429 et
518 1369 595 1429 coeli
606 1370 686 1449 justa
699 1370 765 1446 plus
780 1381 863 1446 parte
877 1359 994 1446 reliquit
1004 1393 1014 1444 ;

316 1461 470 1538 Quidquid
485 1462 549 1536 eriS,
558 1482 677 1522 —nam
692 1473 720 1522 te
735 1482 791 1522 nec
807 1474 924 1540 sperant
938 1465 1061 1524 Tartara
1075 1482 1183 1542 regern,

315 1556 381 1613 Nec
395 1553 449 1614 tibi
462 1554 606 1632 regnandi
618 1554 717 1615 veniat
730 1567 792 1616 tam
806 1556 870 1616 dira
883 1554 992 1633 cupido
1003 1579 1013 1630 3

315 1646 457 1721 Quamvis
473 1648 589 1726 Elysios
603 1649 722 1709 miretur
732 1647 858 1709 Graecia
872 1667 1003 1726 campos,

312 1741 378 1799 Nec
392 1739 516 1818 repetita
529 1740 613 1817 sequi
627 1752 708 1802 curet
722 1741 900 1818 Proserpina
912 1751 1037 1800 matrem
1046 1775 1087 1783 -

312 1834 361 1891 Da
375 1833 492 1893 facilem
505 1854 631 1909 cursum,
646 1846 735 1911 atque
750 1835 913 1896 audacibus
928 1836 1025 1894 adnue
1043 1833 1167 1910 coeptis,
1274 1867 1287 1894 0

311 1928 495 2004 Ignarosque
510 1927 575 1987 viae
589 1947 705 1988 mecum
720 1923 1017 2004 miseratus'agrestes'

312 2020 479 2096 Ingredere,
496 2031 526 2081 et
539 2021 616 2082 votis
628 2022 690 2100 jam
705 2040 785 2080 nunc
800 2021 943 2080 adsuesce
957 2019 1064 2080 vocari.

273 2132 276 2140 ·
349 2114 427 2172 Vere
441 2132 530 2187 novo,
545 2113 660 2190 gelidus
675 2115 757 2173 c‘anis
773 2133 864 2190 quum
879 2111 1029 2174 montibus
1044 2112 1150 2172 humor

310 2204 446 2281 Liquitur
459 2215 489 2266 et
502 2207 638 2285 Zephyro
650 2206 743 2284 putris
758 2226 790 2266 se
804 2207 911 2283 glaeba
924 2205 1052 2279 resolvit,

309 2298 461 2375 Depresso
476 2298 598 2377 incipiat
608 2301 671 2380 jam
686 2311 748 2361 tum
763 2299 836 2359 mihi
851 2310 949 2359 taurus
965 2309 1061 2359 aratro

308 2393 473 2468 Ingemere‚
490 2403 519 2452 et
534 2394 617 2453 sulco
631 2393 746 2454 attritus
760 2393 968 2470 splendescere
981 2411 1091 2451 vomer.
1143 2392 1148 2407 '

309 2486 367 2543 Illa
381 2504 464 2562 seges
478 2486 598 2546 demum
612 2484 689 2546 votis
703 2485 864 2562 respondet
878 2485 957 2545 avari

307 2577 473 2653 Agricolae,
489 2578 536 2638 bis
550 2598 625 2655 quae
641 2579 743 2651 solem,
759 2577 805 2637 bis
819 2578 924 2655 frigora
939 2576 1051 2653 sensit,

308 2669 392 2729 Illius
406 2669 567 2732 immensae
581 2683 723 2749 ruperunt
736 2672 841 2731 horrea
855 2689 973 2731 messes

306 2765 348 2821 At
362 2762 441 2839 prius
456 2763 590 2841 ignotum
603 2765 680 2825 ferro
695 2783 784 2840 quarn
799 2762 961 2825 scindimus
976 2782 1095 2839 aequor,

216 2930 223 2945 .
307 2858 424 2916 Ventos
438 2867 468 2916 et
481 2857 594 2917 varium
609 2856 685 2917 coeli
699 2856 884 2934 praediscere
898 2875 1011 2916 morem

308 2950 387 3009 Cura
401 2949 438 3009 sit
452 2969 487 3010 ac
501 2950 612 3026 patrios
626 2950 781 3027 cultusque
795 2949 973 3025 habitusque
988 2950 1130 3020 locorum,

308 3044 347 3101 Et
361 3042 433 3119 quid
448 3062 583 3120 quaeque
598 3044 671 3104 ferat
684 3043 765 3121 regio
787 3043 902 3120 etquid
917 3060 1053 3119 quaeque
1067 3048 1189 3101 recuset.

308 3135 369 3194 Hic
385 3146 507 3213 segetes,
523 3135 583 3195 illic
596 3135 719 3197 veniunt
732 3135 846 3196 felicius
861 3155 954 3209 uvae;

305 3229 431 3288 Arborei
445 3229 521 3289 fetus
535 3228 614 3303 abbi,
630 3240 719 3306 atque
734 3229 846 3309 injussa
859 3228 1007 3289 virescunt

306 3322 455 3381 Gramina
499 3324 609 3383 Nonne
622 3323 714 3397 vides,
730 3342 852 3383 croceos
865 3333 899 3384 ut
912 3322 1039 3382 Tmolus
1054 3319 1170 3392 odores,
1269 3380 1272 3386 ,

306 3414 396 3474 India
409 3414 498 3475 mittit
513 3416 593 3489 ebur,
608 3416 712 3475 molles
727 3435 781 3475 sua
795 3426 858 3475 tura
872 3414 987 3487 Sabaei,

306 3511 347 3567 At
362 3508 511 3586 Chalybes
524 3508 597 3569 nudi
611 3510 726 3583 sermm,
741 3508 896 3585 virosaque
912 3510 1025 3567 Pontus

306 3602 457 3675 Castorea,
473 3601 610 3661 Eliadum
623 3602 738 3679 palmas
752 3601 859 3679 Epiros
873 3604 1034 3678 equarum?

306 3693 458 3754 Continuo
472 3694 526 3753 has
539 3694 619 3771 leges
634 3705 812 3772 aeternaque
826 3695 946 3755 foedera
959 3695 1046 3753 certis
1078 3754 1084 3763 ,

306 3786 452 3864 Imposuit
465 3797 570 3847 natura
583 3786 665 3862 locis,
681 3806 741 3864 quo
755 3797 888 3865 tempore
902 3784 1027 3864 primurn

1264 937 1289 974 30
