3017 4700
294 411 330 468 62
624 421 650 466 r.
671 423 771 466 0v1n11
795 423 929 468 nasonrs

295 570 409 645 Sponte
424 587 477 628 sua
486 575 609 630 'carmen
624 588 763 629 numeros
777 568 915 630 veniebat
929 571 968 630 ad
981 580 1076 647 aptos,

335 663 382 735 Et,
399 663 480 745 quod
495 663 647 723 tentabam
662 662 797 737 scribere,
813 683 913 723 versus
928 675 996 724 erat.

296 758 414 814 Interea
428 756 518 815 tacito
532 775 621 831 passu
635 755 804 815 labentibus
819 756 911 831 annis,

335 847 470 907 Liberior
483 847 563 908 fratri
578 859 675 908 sumta
688 847 821 925 mihique
836 859 905 926 toga
919 862 972 925 est,

296 941 492 1017 Induiturque
507 941 645 1000 humeros
659 959 728 1000 cum
742 943 803 1001 lato
817 961 944 1020 purpura
958 945 1065 1019 clav03

338 1036 376 1093 Et
390 1033 520 1094 studium
534 1033 631 1108 nobis,
648 1034 730 1110 quod
743 1034 798 1095 suit
811 1047 889 1110 ante,
904 1048 1012 1096 manet.

295 1128 423 1204 Jamque
438 1126 636 1196 decemvitae
651 1128 738 1188 frater
751 1128 951 1205 geminaverat
965 1149 1068 1203 annos,

337 1220 438 1294 Quum
452 1219 536 1297 perit,
553 1231 582 1279 et
596 1221 684 1296 coepi
698 1231 782 1298 parte
796 1239 894 1280 carere
908 1222 975 1281 mei.

297 1312 439 1389 Cepimus
454 1322 485 1372 et
499 1323 617 1372 tenerae
631 1313 742 1390 primos
757 1314 861 1374 aetatis
874 1314 1012 1388 honores,

338 1407 444 1482 Deque
460 1405 527 1464 viris
543 1407 695 1482 quondam
709 1425 777 1482 pars
791 1405 882 1467 tribus
896 1425 956 1466 una
969 1406 1018 1465 fui.

297 1497 388 1559 Curia
401 1500 549 1572 restabat;
569 1499 645 1559 clavi
662 1519 800 1558 mensura
813 1511 918 1560 coacta
932 1510 994 1559 est:

338 1593 439 1668 Majus
454 1601 516 1651 erat
530 1591 638 1651 nostris
653 1582 762 1652 viribus
776 1591 848 1652 illud
862 1611 947 1652 onus.

298 1686 364 1745 Nec
378 1685 495 1761 patiens
509 1705 617 1762 corpus
631 1704 688 1746 nec
702 1704 787 1744 meus
800 1685 854 1745 fuit
867 1697 938 1762 apta
951 1684 1055 1759 labori,
1070 1712 1078 1720 ·

338 1777 547 1854 sollicitaeque
561 1779 649 1855 fugax
663 1776 834 1838 ambitionis
848 1797 948 1855 eram3

299 1874 338 1930 Et
351 1881 452 1947 petere
466 1871 583 1932 Aoniae
598 1872 764 1932 suadebant
777 1881 842 1932 tuta
855 1873 978 1933 Sorores

339 1965 418 2038 Otia,
431 1964 545 2040 judicio
560 1971 681 2042 semper
689 1976 788 2024 amata
802 1984 879 2026 meo.

298 2056 455 2134 Temporis
469 2057 547 2119 illius
563 2057 641 2118 colui
655 2057 775 2134 fovique
789 2061 901 2135 poetas,

340 2150 481 2227 Quotque
497 2151 619 2211 aderant
633 2161 724 2225 vates,
740 2153 826 2212 rebar
838 2151 943 2212 adesse
957 2151 1039 2212 deos.

298 2245 393 2320 Saepe
409 2263 476 2304 suas
490 2246 626 2306 volucres
641 2245 712 2321 legit
726 2243 799 2303 mihi
812 2243 950 2320 grandior
962 2262 1047 2318 aevo,

339 2337 485 2414 Quaeque
501 2348 588 2400 necet
603 2356 733 2414 serpens,
749 2357 827 2413 quae
838 2339 921 2414 juvet
934 2337 1035 2411 herba,
1052 2339 1175 2413 Macen

300 2432 397 2506 Saepe
412 2450 482 2491 suos
497 2431 602 2491 solitus
616 2431 737 2490 recitare
752 2430 921 2507 Propertius
935 2431 1027 2508 ignes,

339 2525 410 2599 Jure
427 2522 555 2583 sodalitii
570 2522 621 2600 qui
635 2522 707 2583 mihi
719 2524 839 2599 junctus
853 2533 922 2584 erat

300 2616 443 2676 Ponticus
459 2617 560 2689 heroo,
577 2618 684 2675 Bassus
699 2632 819 2692 quoque
833 2616 928 2675 clarus
942 2616 1054 2691 iambo,

342 2708 451 2768 Dulcia
466 2708 620 2768 convictus
633 2710 768 2768 membra
780 2709 860 2769 fuere
874 2709 952 2783 mei3

278 2826 281 2847 ·
302 2804 341 2861 Et
355 2801 449 2861 tenuit
464 2812 579 2861 nostras
593 2819 767 2861 numerosus
782 2801 925 2863 Horatius
939 2822 1033 2877 aures,

342 2896 423 2953 Dum
438 2894 504 2955 ferit
518 2894 652 2953 Ausonia
666 2894 797 2953 carmina
810 2896 889 2955 culta
902 2896 973 2973 lyra

300 2987 456 3065 Virgilium
471 2986 532 3047 vidi
547 2996 681 3062 tantum;
701 3006 757 3047 nec
772 3007 872 3047 amara
885 2989 1007 3049 Tibullo

341 3082 473 3157 Tempus
488 3079 634 3157 amicitiae
648 3081 709 3141 sata
722 3081 831 3141 dedere
845 3100 937 3141 meae.

302 3176 461 3234 Successor
474 3172 591 3233 fuithic
605 3173 666 3247 tibi,
683 3174 778 3247 Galle,
795 3174 962 3250 Propertius
976 3175 1039 3250 illi;

344 3268 474 3342 Quartus
489 3268 527 3326 ab
541 3265 588 3326 his
603 3266 677 3326 serie
691 3266 833 3343 temporis
846 3266 910 3343 ipse
923 3267 972 3327 fui.

302 3362 406 3436 thue
421 3379 476 3437 ego
490 3360 625 3435 majores,
642 3358 683 3419 sic
697 3378 745 3419 me
759 3360 877 3420 coluere
891 3360 1029 3434 minores,
1067 3358 1070 3363 ’

343 3454 484 3529 Notaque
499 3471 560 3511 non
574 3453 656 3511 tarde
671 3453 748 3513 facta
762 3452 869 3513 Thalia
882 3472 950 3513 mea
963 3464 1016 3513 est

304 3546 445 3606 Carmina
459 3564 549 3621 quum
563 3544 690 3621 primum
703 3546 817 3622 populo
827 3545 969 3624 juvenilia
982 3545 1049 3623 legi,

343 3640 439 3698 Barba
453 3649 566 3697 resecta
579 3636 652 3695 mihi
665 3636 748 3699 bisve
762 3639 891 3699 semelve
904 3637 967 3697 fuit

303 3734 440 3791 Moverat
454 3730 606 3809 ingenium
620 3740 713 3790 totam
727 3741 846 3791 cantata
858 3750 912 3808 per
924 3732 1042 3792 Urbem

343 3823 473 3883 Nomine
488 3842 548 3883 non
563 3842 632 3885 vero
647 3823 726 3885 dicta
741 3823 873 3887 Corinna
885 3822 966 3885 mihi.
