3017 4700
543 419 749 464 METAMORPH.
774 421 832 464 Lm.
855 421 900 464 111.

240 573 356 642 Naxon,
371 566 413 627 ait
427 564 524 640 Liber,
540 585 640 637 cursus
655 559 797 628 advertite
811 576 943 626 vestros:

240 665 296 722 Illa
309 659 381 720 mihi
396 660 501 720 domus
516 669 579 732 est,
599 658 683 720 vobis
698 658 752 718 erit
765 659 884 736 hospita
896 659 991 720 tellus.

240 758 296 816 Per
309 773 388 814 mare
402 753 521 812 fallaces
535 770 645 828 perque
661 751 761 812 omnia
774 752 897 812 numina
906 754 1015 829 jurant,

238 849 286 910 Sic
300 848 370 920 fore,
386 864 494 923 meque
505 845 610 924 jubent
625 843 721 920 pictae
736 845 807 904 dare
821 846 887 906 vela
900 845 1025 906 carinae

239 943 368 1001 Dextera
382 941 484 998 Naxos
499 948 578 998 erat:
599 938 703 1000 dextra
716 937 788 996 mihi
797 937 893 998 'lintea
907 938 998 1013 danti,

239 1033 318 1110 Quid
334 1031 414 1105 sacis,
430 1051 449 1091 o
464 1031 606 1102 demens?
646 1030 722 1105 Quis
736 1021 765 1091 te
779 1031 867 1104 lirror,
882 1031 985 1109 inquit,
1003 1035 1125 1105 Acoete,

239 1128 296 1186 Pro
311 1144 343 1186 se
357 1124 489 1201 quisque,
505 1125 606 1184 tenet?
626 1124 841 1201 laevampetet
884 1124 1017 1184 Maxima
1030 1135 1105 1184 nutu

239 1221 309 1279 Pars
323 1217 561 1295 mihipignificat,
577 1234 652 1293 parS,
668 1216 740 1293 quid
755 1217 835 1292 velit,
851 1237 920 1277 aure
934 1227 1070 1278 susurrat

239 1310 396 1388 Obstupui,
414 1309 579 1386 Capiatque
594 1309 700 1386 aliquis
713 1311 934 1370 moderamina!
956 1310 1025 1384 dixi,

240 1407 350 1481 Meque
365 1401 526 1466 ministerio
541 1402 717 1479 scelerisque
731 1403 859 1480 artisque
873 1403 993 1464 removi.
1067 1440 1069 1444 »

240 1501 384 1574 Increpor
398 1515 416 1554 a
430 1495 552 1569 cunctis,
568 1505 722 1573 totumque
736 1496 939 1567 immurmurat
952 1515 1058 1575 agmen
1069 1518 1079 1572 ,·

240 1593 265 1651 E
279 1581 386 1666 quibus
402 1587 571 1662 Aethalion,
587 1591 631 1648 Te
647 1589 759 1650 scilicet
772 1589 870 1650 omnis
883 1590 914 1649 in
928 1609 990 1672 uno

239 1686 349 1743 Nostra
363 1682 442 1742 salus
457 1681 554 1757 posita
567 1686 630 1741 est!
652 1681 701 1756 ait,
717 1692 747 1742 et
761 1683 843 1743 subit·
853 1682 916 1760 ipse
931 1701 1089 1759 meumque

240 1776 347 1854 Expiet
361 1793 445 1852 opus,
462 1777 608 1850 Naxoque
622 1773 696 1851 petit
709 1774 825 1835 diversa
838 1777 947 1836 relicta
969 1765 1027 1869 {a
1042 1801 1065 1860 „a

239 1871 317 1928 Tum
333 1868 406 1928 dens
421 1867 555 1940 illudenS,
572 1877 712 1950 tanquam
726 1868 818 1928 modo
832 1856 1108 1958 penique,ffaud'em

240 1960 376 2033 Senserit,
392 1935 413 2020 e¹
423 1930 516 2068 puppi
531 1972 655 2037 pontum
669 1972 839 2048 prospectat
852 1963 977 2036 adunca,

241 2057 279 2114 Et
292 2053 373 2113 flenti
384 2031 498 2156 'similia
515 2055 585 2112 Non
597 2023 674 2113 baec
688 2053 761 2112 mihi
775 2054 869 2128 litora,
885 2066 1000 2128 nautae,

241 2121 425 2219 PromisistiS,
441 2155 500 2236 q1t3
520 2164 560 2204 no
594 2110 668 2206 baec
683 2114 846 2243 mihissierra
858 2117 960 2254 rigata
973 2157 1024 2236 est,

241 2241 310 2315 Quo
325 2218 415 2336 nierqi
429 2165 588 2314 p‘oenami

584 2240 671 2300 acto?
712 2241 799 2315 Quae
831 2239 1013 2300 lotia-vestra
1026 2249 1079 2314 est,

205 2380 209 2385 .
240 2331 270 2393 Si
284 2349 405 2410 puerum
417 2305 549 2408 juvebes,
566 2330 590 2391 si
604 2321 688 2393 niulti
702 2331 802 2394 fallitis
811 2259 928 2395 baum}

239 2425 420 2504 Jamdudum
434 2425 562 2498 flebam,
582 2424 717 2485 lacrimas
731 2445 836 2487 manus
849 2426 940 2505 impia
954 2437 1069 2487 nostras

225 2530 229 2540 '
241 2518 339 2592 Ridet,
356 2528 385 2578 et
400 2516 523 2594 impellit
538 2518 765 2595 properantibus
778 2538 907 2597 aequora
919 2521 1015 2579 remis.

240 2614 297 2675 Per
310 2610 364 2671 tibi
378 2630 457 2693 nunc
472 2612 567 2687 ipsum
576 2644 616 2655 -
625 2631 722 2689 neque
736 2612 816 2673 enim
830 2612 1014 2690 praesentior
1026 2612 1079 2673 illo

241 2708 293 2765 Est
307 2704 549 2780 deus—adjuro,
565 2716 626 2777 tarn
640 2724 688 2765 me
703 2705 755 2766 tibi
769 2726 839 2766 vera
852 2708 968 2781 referre,

240 2800 338 2873 Quam
353 2796 412 2855 veri
427 2798 539 2872 majora
553 2798 629 2856 fide:
651 2798 732 2881 stetit
746 2818 873 2875 aequore
887 2799 996 2878 puppis

241 2891 334 2949 Haud
348 2889 439 2961 aliter,
456 2908 545 2965 quam
560 2889 584 2948 si
599 2889 708 2949 siccum
723 2894 827 2952 navale
842 2903 963 2953 teneret.

241 2982 289 3041 Illi
304 2982 481 3042 admirantes
496 2998 641 3041 remorum
656 2982 686 3041 in
701 2986 821 3045 verbere
835 2995 975 3062 perstant,

239 3076 373 3151 Velaque
389 3076 547 3148 deducunt,
561 3075 739 3153 geminaque
754 3097 812 3155 ope
826 3097 940 3138 currere
957 3087 1072 3139 tentant
1083 3099 1104 3136 :-

240 3168 412 3245 Impediunt
426 3168 552 3227 hederae
566 3187 671 3243 remos,
688 3188 825 3246 nexuque
839 3190 962 3231 recurvo

240 3263 366 3337 Serpunt
380 3272 410 3320 et
423 3260 548 3336 gravidis
563 3260 740 3339 distringunt
753 3264 820 3322 vela
833 3262 989 3342 corymbis

188 3398 190 3403 -
241 3356 319 3431 Ipse,
333 3353 509 3415 racemiferis
523 3355 649 3413 frontem
663 3355 861 3416 circumdatus
875 3355 948 3429 uvis,

240 3445 409 3523 'Pampineis
424 3446 514 3523 agitat
527 3446 654 3505 velatam
669 3448 823 3530 frondibus
837 3451 970 3523 hastam3

241 3539 338 3613 Quem
352 3538 430 3600 circa
444 3540 531 3615 tigres
545 3532 758 3617 simulacraque
772 3540 872 3601 inania
885 3543 1005 3619 lyncum

241 3632 446 3709 Pictarumque
459 3634 560 3708 jacent
572 3632 633 3691 iera
647 3652 772 3709 corpora
784 3636 999 3711 pantherarum.

242 3724 391 3807 Exsiluere
406 3724 458 3813 vipi
470 3747 479 3799 ;
499 3725 563 3825 sirpe¹
575 3724 633 3789 hoc
647 3724 762 3829 inpania
769 3728 853 3806 decit,

241 3817 306 3877 Sive
321 3817 428 3919 timor,
448 3817 618 3893 primusque
634 3818 748 3914 Medon
764 3818 927 3899 nigrescere
934 3820 1041 3912 'pinnis

1169 955 1208 1005 ⁶40
