3017 4700
512 429 719 474 METAMORPH.
742 429 800 474 LIB.
824 429 889 474 vm.

217 577 367 654 Quodque
382 595 452 636 suus
467 578 577 653 conjux
590 576 673 654 riguo
687 578 846 654 collegerat
859 577 955 650 horto,

216 673 347 730 Truncat
362 671 427 730 olus
442 669 526 730 foliis.
570 672 665 729 Furca
679 670 757 730 levat
770 670 820 730 ille
833 669 948 730 bicorni

216 763 341 824 Sordida
355 773 437 840 terga
451 762 519 837 suis,
535 762 618 840 nigro
633 762 794 840 pendentia
809 763 900 840 tigno,

216 859 396 932 Servatoque
412 855 462 915 diu
476 866 590 916 resecat
605 855 642 915 de
656 867 772 932 tergore
786 867 900 933 partem
969 866 973 874 '

217 950 370 1028 Exiguam,
387 960 558 1026 sectamque
573 949 674 1009 domat
689 948 870 1009 ferventibus
884 949 980 1008 undis.

217 1045 336 1102 Interea
350 1042 464 1101 medias
478 1043 582 1101 fallunt
596 1041 783 1102 sermonibus
796 1043 893 1115 horas,

218 1135 385 1211 Sentirique
401 1153 512 1194 moram
527 1134 693 1211 prohibent.
737 1138 808 1195 Erat
821 1136 921 1194 alveus
935 1133 995 1194 illic

185 1265 186 1268 =
218 1228 372 1306 Fagineus,
389 1227 461 1287 dura
475 1228 559 1287 clavo
575 1247 734 1304 suspensus
749 1230 787 1288 ab
802 1247 892 1287 ansa:

218 1325 249 1380 Is
265 1320 372 1398 tepidis
386 1319 524 1398 impletur
537 1320 631 1398 aquis,
648 1321 945 1397 artusque‘fovendos

219 1413 345 1490 Accipit.
390 1416 428 1471 In
442 1413 542 1472 medio
556 1424 637 1474 torus
652 1425 697 1474 est
711 1415 749 1474 de
765 1411 902 1474 mollibus
916 1413 999 1487 ulvis,

219 1507 481 1584 Impositus'lecto
497 1508 614 1583 sponda
627 1507 814 1584 pedibusque
828 1507 967 1584 salignis:

218 1589 359 1660 Vestibus
373 1601 452 1658 bunc
466 1599 573 1672 velant,
590 1619 663 1676 quas
678 1611 739 1659 non
754 1600 811 1660 nisi
824 1612 958 1678 tempore
972 1601 1049 1661 festo

221 1695 357 1753 Sternere
371 1703 565 1767 consuerant3
587 1692 640 1753 sed
655 1703 684 1753 et
698 1694 773 1753 haec
788 1693 911 1770 vilisque
926 1704 1070 1771 vetusque

219 1786 321 1856 Vestis
336 1796 406 1859 erat,
421 1786 499 1845 lecto
514 1804 575 1844 non
590 1785 772 1863 indignanda
786 1787 907 1864 saligno.

219 1881 396 1939 Accubuere
411 1877 478 1938 dei:
499 1897 631 1938 mensam
647 1878 798 1939 succincta
811 1889 1001 1957 tremensque

221 1972 310 2032 Ponit
323 1991 415 2045 anus;
436 1989 555 2030 mensae
570 1971 622 2031 sed
638 1983 699 2031 erat
712 1991 766 2048 pes
781 1974 884 2033 tertius
898 1973 1011 2051 impar:

220 2068 313 2124 Testa
327 2084 426 2142 parem
441 2064 518 2124 fecit.
562 2065 647 2138 Quae
662 2075 819 2142 postquam
835 2067 955 2126 subdita
968 2065 1076 2126 clivum

221 2157 352 2231 Sustulit,
368 2167 524 2233 aequatam
538 2146 777 2218 mentae'tersere
792 2158 926 2218 virentes.

223 2249 346 2311 Ponitur
359 2250 407 2310 hic
420 2250 535 2310 bicolor
549 2249 679 2310 sincerae
693 2253 788 2311 bacca
802 2251 966 2324 Minervae,

223 2340 455 2421 Conditaque'in
471 2343 582 2421 liquida
596 2364 686 2427 corna
699 2345 880 2406 autumnalia
893 2345 984 2419 faece,

222 2441 394 2515 Intubaquc
408 2449 438 2497 et
452 2438 534 2497 radix
549 2449 578 2497 et
592 2438 675 2497 lactis
689 2458 787 2498 massa
800 2439 904 2513 coacti,

223 2534 348 2608 Ovaque
364 2550 425 2590 non
439 2530 498 2589 acri
512 2530 615 2591 leviter
627 2541 743 2591 versata
759 2532 874 2591 favilla:

224 2626 334 2686 Omnia
348 2623 493 2684 fictilibus.
539 2626 611 2683 Post
625 2625 699 2685 haec
713 2626 844 2685 caelatus
859 2625 966 2685 eodem

224 2718 339 2778 Sistitur
353 2727 473 2793 argento
488 2728 589 2791 crater,
605 2718 805 2795 fabricataque
819 2720 887 2795 sago

226 2812 347 2884 Pocula,
364 2830 422 2887 qua
435 2828 508 2869 cava
522 2821 599 2884 sunt,
615 2810 792 2871 flaventibus
806 2810 879 2869 illita
892 2810 976 2870 ceris.

226 2907 322 2963 Parva
335 2922 418 2962 mora
433 2913 485 2977 est,
501 2905 663 2980 epulasque
678 2903 736 2963 ioci
751 2905 857 2963 misere
871 2905 1011 2963 calentes.

227 2999 293 3055 Nec
308 2997 414 3072 longae
428 3014 526 3056 rursus
540 2998 704 3057 reseruntur
716 2996 787 3055 vina
800 3008 946 3070 senectae,

228 3092 368 3166 Dantque
384 3090 482 3148 locum
496 3089 606 3149 mensis
621 3090 750 3166 paullum
767 3091 889 3150 seducta
903 3088 1050 3149 secundis.

227 3182 289 3241 Hic
304 3202 373 3255 nux,
388 3182 437 3241 hic
452 3182 543 3242 mixta
557 3192 603 3243 est
616 3182 731 3260 rugosis
746 3182 842 3241 carica
855 3182 971 3259 palmis,

229 3278 385 3351 Prunaque
400 3286 430 3335 et
444 3274 474 3334 in
488 3275 596 3353 patulis
611 3274 776 3335 redolentia
789 3277 868 3334 mala
880 3274 1024 3348 canistris,

230 3370 267 3426 Et
282 3369 319 3427 de
334 3368 487 3446 purpureis
502 3369 644 3427 collectae
658 3368 767 3441 vitibus
780 3388 874 3442 uvae3

229 3461 383 3520 Candidus
398 3460 428 3519 in
443 3460 543 3520 medio
557 3462 641 3521 favus
656 3472 709 3520 est.
752 3463 846 3537 Super
859 3461 959 3521 omnia
973 3462 1071 3521 vultus

229 3556 392 3613 Accessere
406 3553 486 3627 boni,
502 3572 558 3613 nec
573 3553 650 3612 iners
666 3572 837 3630 pauperque
851 3556 996 3614 voluntas.

230 3647 348 3705 Interea
362 3646 450 3706 toties
465 3647 601 3705 haustum
616 3656 727 3705 cratera
740 3646 846 3723 repleri

229 3740 341 3814 Sponte
356 3758 409 3799 sua
419 3736 476 3815 per
490 3758 579 3815 seque
593 3737 695 3798 vident
709 3758 892 3799 succrescere
906 3739 993 3798 vina:

195 3908 200 3915 '
229 3832 357 3892 Attoniti
370 3832 501 3892 novitate
514 3842 632 3909 pavent,
648 3831 843 3908 manibusque
858 3830 970 3909 supinis
