3017 4700
320 417 359 494 38
652 431 678 476 P.
700 432 801 476 ovmrr
823 432 956 476 unsours

321 576 378 638 Cui
392 575 513 654 triplicis
527 577 615 638 cessit
629 578 748 639 fortuna
761 577 922 638 novissima
935 575 1024 655 regni.

320 672 367 729 Tu
382 688 503 747 superos
517 669 673 747 ipsumque
687 674 803 749 Jovem,
818 680 849 730 tu
864 671 987 730 numina
1000 661 1086 748 ponti

264 802 267 810 ·
319 763 408 823 Victa
422 763 526 823 domas
539 763 704 841 ipsumque,
720 763 794 841 regit
808 763 859 841 qui
872 763 995 823 numina
1008 762 1101 839 ponti.
1254 791 1293 830 370

320 858 442 916 Tartara
456 856 528 933 quid
541 859 678 917 cessant?
718 858 780 919 Cur
793 874 855 916 non
868 856 1028 933 matrisque
1043 867 1185 933 tuumque

321 948 483 1026 Imperium
497 951 628 1026 profers?
669 950 774 1028 Agitur
787 969 854 1027 pars
868 949 954 1010 tertia
967 949 1079 1010 mundi.

321 1044 360 1101 Et
374 1053 473 1102 tamen
488 1041 518 1101 in
533 1044 627 1117 coelo,
641 1062 716 1120 quae
728 1043 790 1119 jam
805 1041 948 1120 patientia
960 1053 1061 1102 nostra
1075 1051 1128 1116 est,

257 1149 260 1154 ’
321 1135 498 1212 Spemimur‚
513 1155 549 1196 ac
563 1155 680 1196 mecum
695 1135 771 1195 vires
785 1136 956 1195 minuuntur
970 1134 1096 1195 Amoris.

322 1228 444 1288 Pallada
459 1247 559 1288 nonne
573 1227 656 1288 vides
669 1227 930 1305 iaculatricemque
945 1227 1074 1287 Dianam

321 1321 510 1381 Abscessisse
525 1320 618 1382 mihi?
659 1321 774 1382 Cereris
789 1339 908 1398 quoque
923 1321 983 1380 filia
997 1320 1087 1397 virg0,

322 1413 352 1474 Si
366 1413 519 1491 patiemur,
534 1415 607 1474 erit:
628 1433 697 1473 nam
713 1433 781 1491 spes
796 1416 914 1474 affectat
928 1413 1057 1473 easdem.

322 1509 364 1566 At
378 1517 418 1581 tu,
433 1526 487 1584 pro
502 1506 584 1566 socio
599 1506 623 1566 si
637 1526 697 1584 qua
707 1518 751 1567 est
765 1507 820 1568 tibi
833 1507 926 1584 gratia
938 1524 1041 1585 regno,

321 1603 417 1678 Junge
432 1600 519 1659 deam
533 1611 644 1676 patruo
689 1600 773 1660 Dixit
786 1603 907 1675 Venus·
927 1599 976 1659 ille
990 1601 1157 1677 pharetram

324 1693 426 1767 Solvit,
442 1702 472 1752 et
486 1692 605 1753 arbitrio
619 1693 719 1753 matris
734 1693 772 1753 de
786 1694 866 1753 mille
881 1693 1010 1770 sagittis
1257 1710 1294 1758 ψ

322 1789 424 1848 Unam
439 1785 578 1862 seposuit,
595 1787 647 1846 sed
662 1805 722 1863 qua
734 1805 791 1846 nec
806 1785 919 1846 acutior
932 1787 994 1844 ulla
1131 1772 1140 1786 ’

323 1882 388 1940 Nec
403 1877 499 1938 minus
514 1877 626 1938 incerta
640 1891 692 1953 est,
708 1899 764 1939 nec
779 1898 854 1956 quae
869 1879 962 1956 magis
977 1878 1078 1938 audiat
1095 1897 1215 1954 arcum,

323 1971 532 2050 Oppositoque
546 1991 624 2049 genu
639 1973 771 2033 curvavit
784 1972 882 2032 flexile
896 1991 1029 2045 comum,

323 2068 420 2141 Inque
434 2082 485 2124 cor
498 2064 617 2124 hamata
631 2066 776 2142 percussit
790 2065 933 2125 arundine
948 2065 1058 2125 Ditem.

363 2157 456 2218 Haud
470 2146 580 2235 procul'
588 2158 742 2218 Hennaeis
758 2151 839 2219 lacus
854 2168 900 2219 est
914 2178 932 2219 a
945 2157 1102 2221 moenibus
1117 2159 1202 2233 altae,
1258 2177 1294 2226 3⁸⁵

322 2250 453 2312 Nomine
468 2253 585 2328 Pergus,
602 2271 716 2328 aquae3
736 2271 799 2311 non
813 2252 865 2312 illo
879 2253 964 2329 plura
978 2253 1118 2329 Caystros

322 2343 463 2407 Carmina
477 2364 637 2425 cygnorum
652 2345 820 2406 labentibus
834 2344 917 2405 audit
930 2343 960 2404 in
975 2343 1082 2420 undis;

322 2439 402 2500 Silva
415 2449 539 2498 coronat
553 2457 652 2514 aquas,
669 2438 792 2515 cingens
805 2440 883 2498 latus
897 2457 995 2512 omne,
1011 2438 1131 2515 suisque

323 2530 499 2605 Frondibus,
515 2541 548 2591 ut
561 2531 637 2605 ve10,
651 2532 809 2591 Phoebeos
824 2531 980 2591 submovet
993 2530 1096 2609 igues3
1164 2600 1167 2607 ¹

323 2623 445 2701 Frigora
458 2624 531 2683 dant
545 2622 626 2698 rami,
641 2624 737 2683 varios
751 2624 859 2683 humus
873 2613 996 2684 humida
1009 2625 1099 2685 flores'
1105 2647 1115 2700 ,·
1259 2652 1296 2691 390

323 2720 503 2794 Perpetuam
516 2736 567 2776 ver
581 2728 632 2777 est
677 2718 746 2791 Quo
761 2718 832 2777 dum
848 2717 1024 2795 Proserpina
1038 2719 1106 2779 luco

323 2809 415 2870 Ludit
429 2819 458 2870 et
472 2820 523 2870 aut
536 2809 629 2869 violas
644 2820 694 2869 aut
708 2810 836 2869 candida
850 2810 910 2871 lilia
924 2810 1026 2889 carpit,

323 2905 464 2978 Dumque
479 2902 601 2979 puellari
615 2902 713 2963 studio
728 2904 919 2979 calathosque
935 2904 1091 2979 sinumque

324 2996 443 3073 Implet,
459 3005 488 3055 et
502 2997 641 3072 aequales
655 3006 747 3057 certat
762 3015 898 3073 superare
913 2996 1050 3073 legendo,

324 3090 423 3148 Paene
438 3087 566 3147 simul
538 3107 601 3148 visa
614 3100 659 3149 est
673 3078 841 3166 dilectaque
855 3098 999 3165 raptaque
1013 3087 1096 3149 Diti
1260 3117 1296 3156 39⁵

324 3182 429 3257 Usque
444 3181 520 3241 adeo
534 3193 706 3259 properatur
720 3200 810 3241 amor.
853 3183 922 3243 Dea
935 3182 1034 3242 territa
1048 3192 1163 3243 maesto

325 3275 363 3333 Et
377 3284 500 3333 matrem
515 3283 544 3333 et
558 3275 691 3347 comites,
707 3275 760 3360 sed
774 3284 897 3335 matrem
913 3274 1039 3353 saepius,
1056 3293 1117 3336 ore

325 3366 451 3440 Clamat,
467 3377 553 3439 et‚t
520 3377 553 3428 ut
567 3386 682 3426 summa
695 3378 809 3427 vestem
823 3368 947 3429 laniarat
961 3370 999 3429 ab
1015 3388 1074 3443 ora,

325 3458 451 3519 Collecti
465 3458 554 3519 flores
568 3458 675 3519 tunicis
689 3459 824 3519 cecidere
838 3460 967 3521 remissis
978 3483 988 3535 3

324 3549 480 3627 Tantaque
496 3551 666 3629 simplicitas
681 3552 841 3629 puerilibus
856 3553 938 3613 affuit
951 3552 1045 3627 annis,

325 3646 412 3703 Haec
427 3662 546 3721 quoque
560 3644 723 3722 virgineum
738 3645 831 3706 movit
842 3648 958 3724 jactura
971 3646 1113 3706 dolorem.
1152 3670 1156 3675 ·

325 3738 440 3813 Raptor
454 3736 513 3814 agit
527 3756 626 3797 currus
641 3748 671 3797 et
684 3740 806 3799 nomine
821 3758 970 3816 quemque
984 3750 1107 3799 vocatos

326 3830 503 3891 Exhortatur
517 3850 618 3908 equos
635 3850 761 3909 quorum
774 3852 828 3910 per
840 3834 919 3893 colla
930 3833 1076 3910 jubasque
