<?xml version="1.0" encoding="UTF-8"?>
<!DOCTYPE html PUBLIC "-//W3C//DTD XHTML 1.0 Transitional//EN"
    "http://www.w3.org/TR/xhtml1/DTD/xhtml1-transitional.dtd">
<html xmlns="http://www.w3.org/1999/xhtml" xml:lang="en" lang="en">
 <head>
  <title>
</title>
<meta http-equiv="Content-Type" content="text/html;charset=utf-8" />
  <meta name='ocr-system' content='tesseract 3.04.00' />
  <meta name='ocr-capabilities' content='ocr_page ocr_carea ocr_par ocr_line ocrx_word'/>
</head>
<body>
  <div class='ocr_page' id='page_1' title='image "./selectionsfromo01virggoog_0102.png"; bbox 0 0 3017 4700; ppageno 0'>
   <div class='ocr_carea' id='block_1_1' title="bbox 310 429 966 491">
    <p class='ocr_par' dir='ltr' id='par_1_1' title="bbox 310 429 966 491">
     <span class='ocr_line' id='line_1_1' title="bbox 310 429 966 491; baseline 0 -17"><span class='ocrx_word' id='word_1_1' title='bbox 310 435 356 491; x_wconf 22' lang='lat'>90⁴</span> <span class='ocrx_word' id='word_1_2' title='bbox 623 429 649 474; x_wconf 84' lang='lat' dir='ltr'>P.</span> <span class='ocrx_word' id='word_1_3' title='bbox 671 429 803 474; x_wconf 87' lang='lat' dir='ltr'>VIRGlLll</span> <span class='ocrx_word' id='word_1_4' title='bbox 825 429 966 474; x_wconf 85' lang='lat' dir='ltr'>MARONIS</span> 
     </span>
    </p>
   </div>
   <div class='ocr_carea' id='block_1_2' title="bbox 307 573 1281 1586">
    <p class='ocr_par' dir='ltr' id='par_1_2' title="bbox 310 573 1030 663">
     <span class='ocr_line' id='line_1_2' title="bbox 310 573 1030 663; baseline 0 -27"><span class='ocrx_word' id='word_1_5' title='bbox 310 575 372 636; x_wconf 92' lang='lat' dir='ltr'>Hic</span> <span class='ocrx_word' id='word_1_6' title='bbox 386 586 487 663; x_wconf 79' lang='lat' dir='ltr'>vertex</span> <span class='ocrx_word' id='word_1_7' title='bbox 499 573 587 636; x_wconf 93' lang='lat' dir='ltr'>nobis</span> <span class='ocrx_word' id='word_1_8' title='bbox 601 593 718 653; x_wconf 84' lang='lat' dir='ltr'>semper</span> <span class='ocrx_word' id='word_1_9' title='bbox 731 575 864 636; x_wconf 88' lang='lat' dir='ltr'>sublimis</span> <span class='ocrx_word' id='word_1_10' title='bbox 874 597 883 650; x_wconf 78' lang='lat'>3</span> <span class='ocrx_word' id='word_1_11' title='bbox 904 587 934 636; x_wconf 87' lang='lat' dir='ltr'>at</span> <span class='ocrx_word' id='word_1_12' title='bbox 947 574 1030 636; x_wconf 91' lang='lat' dir='ltr'>illum</span> 
     </span>
    </p>

    <p class='ocr_par' dir='ltr' id='par_1_3' title="bbox 309 669 1138 839">
     <span class='ocr_line' id='line_1_3' title="bbox 309 669 1138 747; baseline 0 -17"><span class='ocrx_word' id='word_1_13' title='bbox 309 671 370 730; x_wconf 90' lang='lat' dir='ltr'>Sub</span> <span class='ocrx_word' id='word_1_14' title='bbox 384 669 510 747; x_wconf 91' lang='lat' dir='ltr'>pedibus</span> <span class='ocrx_word' id='word_1_15' title='bbox 525 672 595 747; x_wconf 86' lang='lat' dir='ltr'>Styx</span> <span class='ocrx_word' id='word_1_16' title='bbox 609 680 672 730; x_wconf 90' lang='lat' dir='ltr'>atra</span> <span class='ocrx_word' id='word_1_17' title='bbox 685 669 767 730; x_wconf 92' lang='lat' dir='ltr'>videt</span> <span class='ocrx_word' id='word_1_18' title='bbox 782 672 948 746; x_wconf 84' lang='lat' dir='ltr'><strong>Manesque</strong></span> <span class='ocrx_word' id='word_1_19' title='bbox 962 669 1108 746; x_wconf 82' lang='lat' dir='ltr'>profundi.</span> <span class='ocrx_word' id='word_1_20' title='bbox 1134 683 1138 692; x_wconf 88' lang='lat'>&#39;</span> 
     </span>
     <span class='ocr_line' id='line_1_4' title="bbox 310 761 1017 839; baseline 0 -17"><span class='ocrx_word' id='word_1_21' title='bbox 310 764 459 823; x_wconf 86' lang='lat' dir='ltr'>Maximus</span> <span class='ocrx_word' id='word_1_22' title='bbox 474 762 522 822; x_wconf 93' lang='lat' dir='ltr'>hic</span> <span class='ocrx_word' id='word_1_23' title='bbox 536 763 614 823; x_wconf 89' lang='lat' dir='ltr'>flexu</span> <span class='ocrx_word' id='word_1_24' title='bbox 629 762 751 823; x_wconf 89' lang='lat' dir='ltr'>sinuoso</span> <span class='ocrx_word' id='word_1_25' title='bbox 766 761 889 823; x_wconf 92' lang='lat' dir='ltr'>elabitur</span> <span class='ocrx_word' id='word_1_26' title='bbox 904 762 1017 839; x_wconf 85' lang='lat' dir='ltr'><strong>Anguis</strong></span> 
     </span>
    </p>

    <p class='ocr_par' dir='ltr' id='par_1_4' title="bbox 307 854 1281 1025">
     <span class='ocr_line' id='line_1_5' title="bbox 310 854 1281 933; baseline -0.003 -17"><span class='ocrx_word' id='word_1_27' title='bbox 310 855 429 916; x_wconf 91' lang='lat' dir='ltr'>Circum</span> <span class='ocrx_word' id='word_1_28' title='bbox 443 874 554 933; x_wconf 88' lang='lat' dir='ltr'>perque</span> <span class='ocrx_word' id='word_1_29' title='bbox 569 857 642 916; x_wconf 87' lang='lat' dir='ltr'>duas</span> <span class='ocrx_word' id='word_1_30' title='bbox 656 855 687 914; x_wconf 91' lang='lat' dir='ltr'>in</span> <span class='ocrx_word' id='word_1_31' title='bbox 701 874 814 917; x_wconf 90' lang='lat' dir='ltr'>morem</span> <span class='ocrx_word' id='word_1_32' title='bbox 828 854 957 916; x_wconf 90' lang='lat' dir='ltr'>fluminis</span> <span class='ocrx_word' id='word_1_33' title='bbox 971 858 1087 931; x_wconf 69' lang='lat' dir='ltr'>Arctos</span> <span class='ocrx_word' id='word_1_34' title='bbox 1245 886 1281 924; x_wconf 79' lang='lat'>24⁵</span> 
     </span>
     <span class='ocr_line' id='line_1_6' title="bbox 307 948 980 1025; baseline 0.001 -18"><span class='ocrx_word' id='word_1_35' title='bbox 307 951 414 1008; x_wconf 91' lang='lat' dir='ltr'>Arctos</span> <span class='ocrx_word' id='word_1_36' title='bbox 429 948 543 1010; x_wconf 85' lang='lat' dir='ltr'>Oceani</span> <span class='ocrx_word' id='word_1_37' title='bbox 557 959 722 1009; x_wconf 84' lang='lat' dir='ltr'>metuentes</span> <span class='ocrx_word' id='word_1_38' title='bbox 737 967 864 1024; x_wconf 89' lang='lat' dir='ltr'>aequore</span> <span class='ocrx_word' id='word_1_39' title='bbox 879 948 980 1025; x_wconf 87' lang='lat' dir='ltr'>tingui.</span> 
     </span>
    </p>

    <p class='ocr_par' dir='ltr' id='par_1_5' title="bbox 309 1040 1022 1119">
     <span class='ocr_line' id='line_1_7' title="bbox 309 1040 1022 1119; baseline 0 -19"><span class='ocrx_word' id='word_1_40' title='bbox 309 1042 385 1115; x_wconf 92' lang='lat' dir='ltr'>Illic,</span> <span class='ocrx_word' id='word_1_41' title='bbox 401 1051 433 1100; x_wconf 89' lang='lat' dir='ltr'>ut</span> <span class='ocrx_word' id='word_1_42' title='bbox 446 1040 611 1119; x_wconf 91' lang='lat' dir='ltr'>perhibent,</span> <span class='ocrx_word' id='word_1_43' title='bbox 627 1052 677 1101; x_wconf 92' lang='lat' dir='ltr'>aut</span> <span class='ocrx_word' id='word_1_44' title='bbox 691 1041 868 1118; x_wconf 90' lang='lat' dir='ltr'>intempesta</span> <span class='ocrx_word' id='word_1_45' title='bbox 882 1040 948 1104; x_wconf 89' lang='lat' dir='ltr'>silet</span> <span class='ocrx_word' id='word_1_46' title='bbox 962 1061 1022 1102; x_wconf 88' lang='lat' dir='ltr'>nox</span> 
     </span>
    </p>

    <p class='ocr_par' dir='ltr' id='par_1_6' title="bbox 310 1135 1065 1210">
     <span class='ocr_line' id='line_1_8' title="bbox 310 1135 1065 1210; baseline 0.004 -17"><span class='ocrx_word' id='word_1_47' title='bbox 310 1136 441 1210; x_wconf 88' lang='lat' dir='ltr'>Semper,</span> <span class='ocrx_word' id='word_1_48' title='bbox 457 1144 487 1193; x_wconf 93' lang='lat' dir='ltr'>et</span> <span class='ocrx_word' id='word_1_49' title='bbox 502 1136 625 1194; x_wconf 89' lang='lat' dir='ltr'>obtenta</span> <span class='ocrx_word' id='word_1_50' title='bbox 639 1135 799 1194; x_wconf 86' lang='lat' dir='ltr'>densantur</span> <span class='ocrx_word' id='word_1_51' title='bbox 813 1144 901 1195; x_wconf 88' lang='lat' dir='ltr'>nocte</span> <span class='ocrx_word' id='word_1_52' title='bbox 916 1137 1065 1210; x_wconf 86' lang='lat' dir='ltr'>tenebrae,</span> 
     </span>
    </p>

    <p class='ocr_par' dir='ltr' id='par_1_7' title="bbox 308 1229 1011 1307">
     <span class='ocr_line' id='line_1_9' title="bbox 308 1229 1011 1307; baseline 0.001 -18"><span class='ocrx_word' id='word_1_53' title='bbox 308 1233 370 1290; x_wconf 90' lang='lat' dir='ltr'>Aut</span> <span class='ocrx_word' id='word_1_54' title='bbox 384 1230 460 1291; x_wconf 89' lang='lat' dir='ltr'>redit</span> <span class='ocrx_word' id='word_1_55' title='bbox 473 1249 491 1290; x_wconf 93' lang='lat' dir='ltr'>a</span> <span class='ocrx_word' id='word_1_56' title='bbox 504 1230 592 1291; x_wconf 89' lang='lat' dir='ltr'>nobis</span> <span class='ocrx_word' id='word_1_57' title='bbox 607 1233 724 1291; x_wconf 88' lang='lat' dir='ltr'>Aurora</span> <span class='ocrx_word' id='word_1_58' title='bbox 737 1229 876 1307; x_wconf 90' lang='lat' dir='ltr'>diemque</span> <span class='ocrx_word' id='word_1_59' title='bbox 890 1231 1011 1306; x_wconf 88' lang='lat' dir='ltr'>reducit,</span> 
     </span>
    </p>

    <p class='ocr_par' dir='ltr' id='par_1_8' title="bbox 308 1322 1281 1496">
     <span class='ocr_line' id='line_1_10' title="bbox 309 1322 1281 1401; baseline -0.001 -19"><span class='ocrx_word' id='word_1_60' title='bbox 309 1327 432 1400; x_wconf 88' lang='lat' dir='ltr'>Nosque</span> <span class='ocrx_word' id='word_1_61' title='bbox 447 1323 497 1383; x_wconf 90' lang='lat' dir='ltr'>ubi</span> <span class='ocrx_word' id='word_1_62' title='bbox 511 1324 622 1401; x_wconf 89' lang='lat' dir='ltr'>primus</span> <span class='ocrx_word' id='word_1_63' title='bbox 636 1323 720 1400; x_wconf 87' lang='lat' dir='ltr'>equis</span> <span class='ocrx_word' id='word_1_64' title='bbox 734 1322 841 1384; x_wconf 88' lang='lat' dir='ltr'>Oriens</span> <span class='ocrx_word' id='word_1_65' title='bbox 856 1325 965 1384; x_wconf 89' lang='lat' dir='ltr'>afflavit</span> <span class='ocrx_word' id='word_1_66' title='bbox 979 1323 1100 1398; x_wconf 84' lang='lat' dir='ltr'>anhelis,</span> <span class='ocrx_word' id='word_1_67' title='bbox 1244 1354 1281 1392; x_wconf 82' lang='lat'>250</span> 
     </span>
     <span class='ocr_line' id='line_1_11' title="bbox 308 1416 985 1496; baseline 0.001 -20"><span class='ocrx_word' id='word_1_68' title='bbox 308 1416 374 1476; x_wconf 93' lang='lat' dir='ltr'>Illic</span> <span class='ocrx_word' id='word_1_69' title='bbox 390 1436 454 1476; x_wconf 91' lang='lat' dir='ltr'>sera</span> <span class='ocrx_word' id='word_1_70' title='bbox 467 1417 576 1478; x_wconf 89' lang='lat' dir='ltr'>rubens</span> <span class='ocrx_word' id='word_1_71' title='bbox 590 1416 725 1476; x_wconf 88' lang='lat' dir='ltr'>accendit</span> <span class='ocrx_word' id='word_1_72' title='bbox 739 1416 851 1478; x_wconf 87' lang='lat' dir='ltr'>lumina</span> <span class='ocrx_word' id='word_1_73' title='bbox 863 1419 985 1496; x_wconf 90' lang='lat' dir='ltr'>Vesper.</span> 
     </span>
    </p>

    <p class='ocr_par' dir='ltr' id='par_1_9' title="bbox 308 1509 999 1586">
     <span class='ocr_line' id='line_1_12' title="bbox 308 1509 999 1586; baseline 0.003 -18"><span class='ocrx_word' id='word_1_74' title='bbox 308 1510 392 1569; x_wconf 91' lang='lat' dir='ltr'>Hinc</span> <span class='ocrx_word' id='word_1_75' title='bbox 406 1520 596 1586; x_wconf 91' lang='lat' dir='ltr'>tempestates</span> <span class='ocrx_word' id='word_1_76' title='bbox 610 1509 702 1570; x_wconf 91' lang='lat' dir='ltr'>dubio</span> <span class='ocrx_word' id='word_1_77' title='bbox 716 1510 900 1586; x_wconf 88' lang='lat' dir='ltr'>praediscere</span> <span class='ocrx_word' id='word_1_78' title='bbox 914 1513 999 1571; x_wconf 90' lang='lat' dir='ltr'>coelo</span> 
     </span>
    </p>
   </div>
   <div class='ocr_carea' id='block_1_3' title="bbox 308 1601 1279 2146">
    <p class='ocr_par' dir='ltr' id='par_1_10' title="bbox 309 1601 1168 1681">
     <span class='ocr_line' id='line_1_13' title="bbox 309 1601 1168 1681; baseline 0.006 -20"><span class='ocrx_word' id='word_1_79' title='bbox 309 1605 477 1675; x_wconf 89' lang='lat' dir='ltr'>Possumus,</span> <span class='ocrx_word' id='word_1_80' title='bbox 493 1601 564 1662; x_wconf 92' lang='lat' dir='ltr'>hinc</span> <span class='ocrx_word' id='word_1_81' title='bbox 577 1602 743 1679; x_wconf 90' lang='lat' dir='ltr'>messisque</span> <span class='ocrx_word' id='word_1_82' title='bbox 759 1603 838 1664; x_wconf 89' lang='lat' dir='ltr'>diem</span> <span class='ocrx_word' id='word_1_83' title='bbox 853 1614 1028 1681; x_wconf 89' lang='lat' dir='ltr'>tempusque</span> <span class='ocrx_word' id='word_1_84' title='bbox 1044 1604 1168 1680; x_wconf 86' lang='lat' dir='ltr'>serendi,</span> 
     </span>
    </p>

    <p class='ocr_par' dir='ltr' id='par_1_11' title="bbox 309 1693 1028 1773">
     <span class='ocr_line' id='line_1_14' title="bbox 309 1693 1028 1773; baseline 0.004 -20"><span class='ocrx_word' id='word_1_85' title='bbox 309 1696 348 1753; x_wconf 91' lang='lat' dir='ltr'>Et</span> <span class='ocrx_word' id='word_1_86' title='bbox 362 1695 482 1771; x_wconf 92' lang='lat' dir='ltr'>quando</span> <span class='ocrx_word' id='word_1_87' title='bbox 496 1693 620 1755; x_wconf 91' lang='lat' dir='ltr'>infidum</span> <span class='ocrx_word' id='word_1_88' title='bbox 635 1695 723 1756; x_wconf 89' lang='lat' dir='ltr'>remis</span> <span class='ocrx_word' id='word_1_89' title='bbox 735 1695 886 1773; x_wconf 85' lang='lat' dir='ltr'>impellere</span> <span class='ocrx_word' id='word_1_90' title='bbox 900 1716 1028 1756; x_wconf 89' lang='lat' dir='ltr'>marmor</span> 
     </span>
    </p>

    <p class='ocr_par' dir='ltr' id='par_1_12' title="bbox 309 1787 1279 1865">
     <span class='ocr_line' id='line_1_15' title="bbox 309 1787 1279 1865; baseline 0 -17"><span class='ocrx_word' id='word_1_91' title='bbox 309 1787 485 1861; x_wconf 84' lang='lat' dir='ltr'>Conveniat,</span> <span class='ocrx_word' id='word_1_92' title='bbox 501 1789 622 1864; x_wconf 90' lang='lat' dir='ltr'>quando</span> <span class='ocrx_word' id='word_1_93' title='bbox 636 1800 761 1850; x_wconf 79' lang='lat' dir='ltr'>asinatas</span> <span class='ocrx_word' id='word_1_94' title='bbox 776 1790 922 1850; x_wconf 88' lang='lat' dir='ltr'>deducere</span> <span class='ocrx_word' id='word_1_95' title='bbox 937 1791 1052 1865; x_wconf 88' lang='lat' dir='ltr'>classes,</span> <span class='ocrx_word' id='word_1_96' title='bbox 1244 1821 1279 1860; x_wconf 76' lang='lat'>2⁵⁵</span> 
     </span>
    </p>

    <p class='ocr_par' dir='ltr' id='par_1_13' title="bbox 309 1879 964 1960">
     <span class='ocr_line' id='line_1_16' title="bbox 309 1879 964 1960; baseline 0.008 -21"><span class='ocrx_word' id='word_1_97' title='bbox 309 1883 371 1939; x_wconf 92' lang='lat' dir='ltr'>Aut</span> <span class='ocrx_word' id='word_1_98' title='bbox 386 1879 592 1957; x_wconf 90' lang='lat' dir='ltr'>tempestivam</span> <span class='ocrx_word' id='word_1_99' title='bbox 607 1881 686 1942; x_wconf 81' lang='lat' dir='ltr'>silvis</span> <span class='ocrx_word' id='word_1_100' title='bbox 700 1893 829 1944; x_wconf 88' lang='lat' dir='ltr'>evertere</span> <span class='ocrx_word' id='word_1_101' title='bbox 843 1882 964 1960; x_wconf 91' lang='lat' dir='ltr'>pinum:</span> 
     </span>
    </p>

    <p class='ocr_par' dir='ltr' id='par_1_14' title="bbox 308 1973 1135 2146">
     <span class='ocr_line' id='line_1_17' title="bbox 309 1973 1118 2054; baseline 0.01 -23"><span class='ocrx_word' id='word_1_102' title='bbox 309 1975 375 2032; x_wconf 90' lang='lat' dir='ltr'>Nec</span> <span class='ocrx_word' id='word_1_103' title='bbox 389 1974 494 2032; x_wconf 83' lang='lat' dir='ltr'>frustra</span> <span class='ocrx_word' id='word_1_104' title='bbox 507 1973 656 2052; x_wconf 88' lang='lat' dir='ltr'>signorum</span> <span class='ocrx_word' id='word_1_105' title='bbox 671 1975 770 2036; x_wconf 90' lang='lat' dir='ltr'>obitus</span> <span class='ocrx_word' id='word_1_106' title='bbox 785 1977 972 2054; x_wconf 90' lang='lat' dir='ltr'>speculamur</span> <span class='ocrx_word' id='word_1_107' title='bbox 986 1986 1015 2036; x_wconf 92' lang='lat' dir='ltr'>et</span> <span class='ocrx_word' id='word_1_108' title='bbox 1029 1987 1118 2052; x_wconf 72' lang='lat' dir='ltr'>ortus</span> 
     </span>
     <span class='ocr_line' id='line_1_18' title="bbox 308 2065 1135 2146; baseline 0.007 -21"><span class='ocrx_word' id='word_1_109' title='bbox 308 2065 564 2144; x_wconf 88' lang='lat' dir='ltr'>Temporibusque</span> <span class='ocrx_word' id='word_1_110' title='bbox 578 2087 679 2145; x_wconf 87' lang='lat' dir='ltr'>parem</span> <span class='ocrx_word' id='word_1_111' title='bbox 694 2069 816 2130; x_wconf 90' lang='lat' dir='ltr'>diversis</span> <span class='ocrx_word' id='word_1_112' title='bbox 831 2079 969 2146; x_wconf 89' lang='lat' dir='ltr'>quattuor</span> <span class='ocrx_word' id='word_1_113' title='bbox 982 2088 1100 2130; x_wconf 88' lang='lat' dir='ltr'>annum.</span> <span class='ocrx_word' id='word_1_114' title='bbox 1132 2072 1135 2079; x_wconf 74' lang='lat'><strong><em>‘</em></strong></span> 
     </span>
    </p>
   </div>
   <div class='ocr_carea' id='block_1_4' title="bbox 261 2158 1127 3917">
    <p class='ocr_par' dir='ltr' id='par_1_15' title="bbox 306 2158 1127 2518">
     <span class='ocr_line' id='line_1_19' title="bbox 348 2158 1096 2239; baseline 0.008 -23"><span class='ocrx_word' id='word_1_115' title='bbox 348 2158 484 2236; x_wconf 84' lang='lat' dir='ltr'>Frigidus</span> <span class='ocrx_word' id='word_1_116' title='bbox 498 2160 656 2238; x_wconf 84' lang='lat' dir='ltr'>agricolam</span> <span class='ocrx_word' id='word_1_117' title='bbox 671 2160 696 2222; x_wconf 92' lang='lat' dir='ltr'>si</span> <span class='ocrx_word' id='word_1_118' title='bbox 710 2163 832 2239; x_wconf 88' lang='lat' dir='ltr'>quando</span> <span class='ocrx_word' id='word_1_119' title='bbox 846 2162 980 2223; x_wconf 89' lang='lat' dir='ltr'>continet</span> <span class='ocrx_word' id='word_1_120' title='bbox 994 2161 1096 2238; x_wconf 90' lang='lat' dir='ltr'>imber,</span> 
     </span>
     <span class='ocr_line' id='line_1_20' title="bbox 309 2253 1127 2332; baseline 0.007 -21"><span class='ocrx_word' id='word_1_121' title='bbox 309 2253 414 2326; x_wconf 87' lang='lat' dir='ltr'>Multa,</span> <span class='ocrx_word' id='word_1_122' title='bbox 430 2254 525 2314; x_wconf 85' lang='lat' dir='ltr'>forent</span> <span class='ocrx_word' id='word_1_123' title='bbox 540 2274 615 2331; x_wconf 91' lang='lat' dir='ltr'>quae</span> <span class='ocrx_word' id='word_1_124' title='bbox 629 2275 700 2314; x_wconf 92' lang='lat' dir='ltr'>mox</span> <span class='ocrx_word' id='word_1_125' title='bbox 713 2257 799 2316; x_wconf 93' lang='lat' dir='ltr'>coelo</span> <span class='ocrx_word' id='word_1_126' title='bbox 814 2257 1000 2332; x_wconf 89' lang='lat' dir='ltr'>properanda</span> <span class='ocrx_word' id='word_1_127' title='bbox 1015 2274 1127 2332; x_wconf 91' lang='lat' dir='ltr'>seren0,</span> 
     </span>
     <span class='ocr_line' id='line_1_21' title="bbox 308 2347 963 2426; baseline 0.006 -21"><span class='ocrx_word' id='word_1_128' title='bbox 308 2347 458 2407; x_wconf 88' lang='lat' dir='ltr'>Maturare</span> <span class='ocrx_word' id='word_1_129' title='bbox 473 2347 575 2409; x_wconf 89' lang='lat' dir='ltr'>datur:</span> <span class='ocrx_word' id='word_1_130' title='bbox 596 2348 702 2409; x_wconf 88' lang='lat' dir='ltr'>durum</span> <span class='ocrx_word' id='word_1_131' title='bbox 716 2348 853 2426; x_wconf 85' lang='lat' dir='ltr'>procudit</span> <span class='ocrx_word' id='word_1_132' title='bbox 867 2360 963 2409; x_wconf 87' lang='lat' dir='ltr'>arator</span> 
     </span>
     <span class='ocr_line' id='line_1_22' title="bbox 306 2440 1062 2518; baseline 0.008 -20"><span class='ocrx_word' id='word_1_133' title='bbox 306 2440 444 2499; x_wconf 90' lang='lat' dir='ltr'>Vomeris</span> <span class='ocrx_word' id='word_1_134' title='bbox 458 2442 578 2501; x_wconf 92' lang='lat' dir='ltr'>obtunsi</span> <span class='ocrx_word' id='word_1_135' title='bbox 592 2442 722 2516; x_wconf 87' lang='lat' dir='ltr'>dentem,</span> <span class='ocrx_word' id='word_1_136' title='bbox 736 2452 822 2503; x_wconf 87' lang='lat' dir='ltr'>cavat</span> <span class='ocrx_word' id='word_1_137' title='bbox 836 2443 940 2503; x_wconf 89' lang='lat' dir='ltr'>arbore</span> <span class='ocrx_word' id='word_1_138' title='bbox 953 2443 1062 2518; x_wconf 90' lang='lat' dir='ltr'>lintres,</span> 
     </span>
    </p>

    <p class='ocr_par' dir='ltr' id='par_1_16' title="bbox 261 2522 1123 2703">
     <span class='ocr_line' id='line_1_23' title="bbox 261 2522 1123 2613; baseline 0.008 -23"><span class='ocrx_word' id='word_1_139' title='bbox 261 2544 266 2553; x_wconf 84' lang='lat'><strong>·</strong></span> <span class='ocrx_word' id='word_1_140' title='bbox 308 2534 370 2591; x_wconf 87' lang='lat' dir='ltr'>Aut</span> <span class='ocrx_word' id='word_1_141' title='bbox 383 2532 484 2609; x_wconf 90' lang='lat' dir='ltr'>pecori</span> <span class='ocrx_word' id='word_1_142' title='bbox 499 2533 615 2611; x_wconf 90' lang='lat' dir='ltr'>signum</span> <span class='ocrx_word' id='word_1_143' title='bbox 629 2546 680 2595; x_wconf 89' lang='lat' dir='ltr'>aut</span> <span class='ocrx_word' id='word_1_144' title='bbox 693 2522 831 2595; x_wconf 80' lang='lat' dir='ltr'>numeros</span> <span class='ocrx_word' id='word_1_145' title='bbox 845 2535 992 2613; x_wconf 85' lang='lat' dir='ltr'>impressit</span> <span class='ocrx_word' id='word_1_146' title='bbox 1006 2536 1123 2597; x_wconf 91' lang='lat' dir='ltr'>acervis.</span> 
     </span>
     <span class='ocr_line' id='line_1_24' title="bbox 309 2625 962 2703; baseline 0.009 -20"><span class='ocrx_word' id='word_1_147' title='bbox 309 2626 464 2686; x_wconf 86' lang='lat' dir='ltr'>Exacuunt</span> <span class='ocrx_word' id='word_1_148' title='bbox 478 2625 527 2685; x_wconf 90' lang='lat' dir='ltr'>alii</span> <span class='ocrx_word' id='word_1_149' title='bbox 542 2628 634 2686; x_wconf 90' lang='lat' dir='ltr'>vallos</span> <span class='ocrx_word' id='word_1_150' title='bbox 649 2628 803 2703; x_wconf 87' lang='lat' dir='ltr'>furcasque</span> <span class='ocrx_word' id='word_1_151' title='bbox 817 2626 962 2703; x_wconf 89' lang='lat' dir='ltr'>bicornes,</span> 
     </span>
    </p>

    <p class='ocr_par' dir='ltr' id='par_1_17' title="bbox 308 2716 1041 2891">
     <span class='ocr_line' id='line_1_25' title="bbox 308 2716 1041 2796; baseline 0.008 -20"><span class='ocrx_word' id='word_1_152' title='bbox 308 2720 409 2794; x_wconf 92' lang='lat' dir='ltr'>Atque</span> <span class='ocrx_word' id='word_1_153' title='bbox 423 2718 565 2780; x_wconf 88' lang='lat' dir='ltr'>Amerina</span> <span class='ocrx_word' id='word_1_154' title='bbox 578 2730 682 2796; x_wconf 87' lang='lat' dir='ltr'>parant</span> <span class='ocrx_word' id='word_1_155' title='bbox 696 2721 794 2781; x_wconf 91' lang='lat' dir='ltr'>lentae</span> <span class='ocrx_word' id='word_1_156' title='bbox 808 2716 1041 2783; x_wconf 77' lang='lat' dir='ltr'>retinacula&#39;viti.</span> 
     </span>
     <span class='ocr_line' id='line_1_26' title="bbox 308 2810 965 2891; baseline 0.009 -23"><span class='ocrx_word' id='word_1_157' title='bbox 308 2812 397 2870; x_wconf 89' lang='lat' dir='ltr'>Nunc</span> <span class='ocrx_word' id='word_1_158' title='bbox 411 2810 504 2872; x_wconf 88' lang='lat' dir='ltr'>facilis</span> <span class='ocrx_word' id='word_1_159' title='bbox 518 2813 611 2872; x_wconf 90' lang='lat' dir='ltr'>rubea</span> <span class='ocrx_word' id='word_1_160' title='bbox 624 2823 738 2873; x_wconf 87' lang='lat' dir='ltr'>texatur</span> <span class='ocrx_word' id='word_1_161' title='bbox 751 2812 854 2873; x_wconf 88' lang='lat' dir='ltr'>fiscina</span> <span class='ocrx_word' id='word_1_162' title='bbox 867 2813 965 2891; x_wconf 71' lang='lat' dir='ltr'>virga,</span> 
     </span>
    </p>

    <p class='ocr_par' dir='ltr' id='par_1_18' title="bbox 298 2905 1057 3543">
     <span class='ocr_line' id='line_1_27' title="bbox 309 2905 1038 2984; baseline 0.007 -22"><span class='ocrx_word' id='word_1_163' title='bbox 309 2905 338 2962; x_wconf 93' lang='lat' dir='ltr'>N</span> <span class='ocrx_word' id='word_1_164' title='bbox 341 2923 399 2963; x_wconf 91' lang='lat' dir='ltr'>unc</span> <span class='ocrx_word' id='word_1_165' title='bbox 413 2914 521 2965; x_wconf 89' lang='lat' dir='ltr'>torrete</span> <span class='ocrx_word' id='word_1_166' title='bbox 536 2905 597 2983; x_wconf 87' lang='lat' dir='ltr'>igni</span> <span class='ocrx_word' id='word_1_167' title='bbox 611 2905 716 2983; x_wconf 83' lang='lat' dir='ltr'>fruges,</span> <span class='ocrx_word' id='word_1_168' title='bbox 727 2924 807 2966; x_wconf 90' lang='lat' dir='ltr'>nunc</span> <span class='ocrx_word' id='word_1_169' title='bbox 821 2906 944 2984; x_wconf 87' lang='lat' dir='ltr'>frangite</span> <span class='ocrx_word' id='word_1_170' title='bbox 959 2926 1038 2967; x_wconf 88' lang='lat' dir='ltr'>saxo.</span> 
     </span>
     <span class='ocr_line' id='line_1_28' title="bbox 308 2987 1057 3076; baseline 0.012 -22"><span class='ocrx_word' id='word_1_171' title='bbox 308 2995 428 3073; x_wconf 88' lang='lat' dir='ltr'>Quippe</span> <span class='ocrx_word' id='word_1_172' title='bbox 443 2987 531 3057; x_wconf 83' lang='lat' dir='ltr'>etiar&#39;n</span> <span class='ocrx_word' id='word_1_173' title='bbox 546 2998 627 3059; x_wconf 86' lang='lat' dir='ltr'>festis</span> <span class='ocrx_word' id='word_1_174' title='bbox 641 3000 788 3076; x_wconf 91' lang='lat' dir='ltr'>quaedam</span> <span class='ocrx_word' id='word_1_175' title='bbox 802 3018 938 3061; x_wconf 85' lang='lat' dir='ltr'>exercere</span> <span class='ocrx_word' id='word_1_176' title='bbox 953 3000 1057 3063; x_wconf 90' lang='lat' dir='ltr'>diebus</span> 
     </span>
     <span class='ocr_line' id='line_1_29' title="bbox 307 3090 972 3166; baseline 0.009 -19"><span class='ocrx_word' id='word_1_177' title='bbox 307 3090 365 3149; x_wconf 88' lang='lat' dir='ltr'>Fas</span> <span class='ocrx_word' id='word_1_178' title='bbox 380 3102 409 3150; x_wconf 93' lang='lat' dir='ltr'>et</span> <span class='ocrx_word' id='word_1_179' title='bbox 421 3092 486 3166; x_wconf 86' lang='lat' dir='ltr'>jura</span> <span class='ocrx_word' id='word_1_180' title='bbox 500 3090 617 3153; x_wconf 91' lang='lat' dir='ltr'>sinunt:</span> <span class='ocrx_word' id='word_1_181' title='bbox 637 3092 716 3154; x_wconf 90' lang='lat' dir='ltr'>rivos</span> <span class='ocrx_word' id='word_1_182' title='bbox 730 3094 877 3155; x_wconf 88' lang='lat' dir='ltr'>deducere</span> <span class='ocrx_word' id='word_1_183' title='bbox 891 3094 972 3153; x_wconf 91' lang='lat' dir='ltr'>nulla</span> 
     </span>
     <span class='ocr_line' id='line_1_30' title="bbox 298 3182 999 3263; baseline 0.01 -22"><span class='ocrx_word' id='word_1_184' title='bbox 298 3182 426 3259; x_wconf 58' lang='lat' dir='ltr'>*Religio</span> <span class='ocrx_word' id='word_1_185' title='bbox 440 3184 541 3258; x_wconf 93' lang='lat' dir='ltr'>vetuit,</span> <span class='ocrx_word' id='word_1_186' title='bbox 557 3185 650 3261; x_wconf 88' lang='lat' dir='ltr'>segeti</span> <span class='ocrx_word' id='word_1_187' title='bbox 663 3187 856 3263; x_wconf 90' lang='lat' dir='ltr'>praetendere</span> <span class='ocrx_word' id='word_1_188' title='bbox 871 3205 999 3263; x_wconf 88' lang='lat' dir='ltr'>saepem,</span> 
     </span>
     <span class='ocr_line' id='line_1_31' title="bbox 307 3274 972 3356; baseline 0.009 -23"><span class='ocrx_word' id='word_1_189' title='bbox 307 3274 436 3336; x_wconf 92' lang='lat' dir='ltr'>Insidias</span> <span class='ocrx_word' id='word_1_190' title='bbox 451 3276 554 3338; x_wconf 87' lang='lat' dir='ltr'>avibus</span> <span class='ocrx_word' id='word_1_191' title='bbox 568 3278 671 3353; x_wconf 91' lang='lat' dir='ltr'>moliri,</span> <span class='ocrx_word' id='word_1_192' title='bbox 687 3278 846 3340; x_wconf 91' lang='lat' dir='ltr'>incendere</span> <span class='ocrx_word' id='word_1_193' title='bbox 860 3298 972 3356; x_wconf 89' lang='lat' dir='ltr'>vepres,</span> 
     </span>
     <span class='ocr_line' id='line_1_32' title="bbox 307 3369 1029 3449; baseline 0.007 -23"><span class='ocrx_word' id='word_1_194' title='bbox 307 3369 522 3446; x_wconf 90' lang='lat' dir='ltr'>Balantumque</span> <span class='ocrx_word' id='word_1_195' title='bbox 536 3390 654 3449; x_wconf 91' lang='lat' dir='ltr'>gregem</span> <span class='ocrx_word' id='word_1_196' title='bbox 667 3371 758 3433; x_wconf 90' lang='lat' dir='ltr'>fluvio</span> <span class='ocrx_word' id='word_1_197' title='bbox 773 3390 899 3433; x_wconf 89' lang='lat' dir='ltr'>mersare</span> <span class='ocrx_word' id='word_1_198' title='bbox 914 3373 1029 3445; x_wconf 85' lang='lat' dir='ltr'>salubri.</span> 
     </span>
     <span class='ocr_line' id='line_1_33' title="bbox 306 3462 922 3543; baseline 0.005 -22"><span class='ocrx_word' id='word_1_199' title='bbox 306 3463 402 3539; x_wconf 89' lang='lat' dir='ltr'>Saepe</span> <span class='ocrx_word' id='word_1_200' title='bbox 416 3464 483 3523; x_wconf 93' lang='lat' dir='ltr'>oleo</span> <span class='ocrx_word' id='word_1_201' title='bbox 498 3462 573 3523; x_wconf 90' lang='lat' dir='ltr'>tardi</span> <span class='ocrx_word' id='word_1_202' title='bbox 587 3476 686 3525; x_wconf 84' lang='lat' dir='ltr'>costas</span> <span class='ocrx_word' id='word_1_203' title='bbox 701 3464 826 3543; x_wconf 86' lang='lat' dir='ltr'>agitator</span> <span class='ocrx_word' id='word_1_204' title='bbox 839 3466 922 3526; x_wconf 87' lang='lat' dir='ltr'>aselli</span> 
     </span>
    </p>

    <p class='ocr_par' dir='ltr' id='par_1_19' title="bbox 305 3553 1091 3730">
     <span class='ocr_line' id='line_1_34' title="bbox 305 3553 1091 3635; baseline 0.01 -23"><span class='ocrx_word' id='word_1_205' title='bbox 305 3553 422 3615; x_wconf 89' lang='lat' dir='ltr'>Vilibus</span> <span class='ocrx_word' id='word_1_206' title='bbox 437 3566 487 3617; x_wconf 85' lang='lat' dir='ltr'>aut</span> <span class='ocrx_word' id='word_1_207' title='bbox 500 3568 604 3617; x_wconf 90' lang='lat' dir='ltr'>onerat</span> <span class='ocrx_word' id='word_1_208' title='bbox 617 3557 723 3635; x_wconf 91' lang='lat' dir='ltr'>pomis,</span> <span class='ocrx_word' id='word_1_209' title='bbox 739 3558 928 3635; x_wconf 88' lang='lat' dir='ltr'>lapidemque</span> <span class='ocrx_word' id='word_1_210' title='bbox 943 3569 1091 3621; x_wconf 90' lang='lat' dir='ltr'>revertens</span> 
     </span>
     <span class='ocr_line' id='line_1_35' title="bbox 307 3650 1076 3730; baseline 0.009 -24"><span class='ocrx_word' id='word_1_211' title='bbox 307 3650 449 3709; x_wconf 89' lang='lat' dir='ltr'>Incusum</span> <span class='ocrx_word' id='word_1_212' title='bbox 463 3659 514 3709; x_wconf 91' lang='lat' dir='ltr'>aut</span> <span class='ocrx_word' id='word_1_213' title='bbox 527 3660 608 3711; x_wconf 90' lang='lat' dir='ltr'>atrae</span> <span class='ocrx_word' id='word_1_214' title='bbox 621 3670 750 3712; x_wconf 86' lang='lat' dir='ltr'>massam</span> <span class='ocrx_word' id='word_1_215' title='bbox 764 3651 839 3729; x_wconf 88' lang='lat' dir='ltr'>picis</span> <span class='ocrx_word' id='word_1_216' title='bbox 854 3653 926 3712; x_wconf 91' lang='lat' dir='ltr'>urbe</span> <span class='ocrx_word' id='word_1_217' title='bbox 940 3662 1076 3730; x_wconf 88' lang='lat' dir='ltr'>reportat</span> 
     </span>
    </p>

    <p class='ocr_par' dir='ltr' id='par_1_20' title="bbox 306 3741 1108 3917">
     <span class='ocr_line' id='line_1_36' title="bbox 347 3741 970 3818; baseline 0.008 -18"><span class='ocrx_word' id='word_1_218' title='bbox 347 3744 418 3818; x_wconf 89' lang='lat' dir='ltr'>Ipsa</span> <span class='ocrx_word' id='word_1_219' title='bbox 431 3741 495 3804; x_wconf 90' lang='lat' dir='ltr'>dies</span> <span class='ocrx_word' id='word_1_220' title='bbox 509 3741 582 3803; x_wconf 86' lang='lat' dir='ltr'>alios</span> <span class='ocrx_word' id='word_1_221' title='bbox 596 3743 654 3804; x_wconf 91' lang='lat' dir='ltr'>alio</span> <span class='ocrx_word' id='word_1_222' title='bbox 668 3744 752 3805; x_wconf 90' lang='lat' dir='ltr'>dedit</span> <span class='ocrx_word' id='word_1_223' title='bbox 766 3745 869 3806; x_wconf 91' lang='lat' dir='ltr'>ordine</span> <span class='ocrx_word' id='word_1_224' title='bbox 884 3748 970 3807; x_wconf 91' lang='lat' dir='ltr'>Luna</span> 
     </span>
     <span class='ocr_line' id='line_1_37' title="bbox 306 3834 1108 3917; baseline 0.007 -24"><span class='ocrx_word' id='word_1_225' title='bbox 306 3834 421 3895; x_wconf 89' lang='lat' dir='ltr'>Felices</span> <span class='ocrx_word' id='word_1_226' title='bbox 435 3853 565 3913; x_wconf 90' lang='lat' dir='ltr'>operum.</span> <span class='ocrx_word' id='word_1_227' title='bbox 609 3836 751 3914; x_wconf 87' lang='lat' dir='ltr'>Quintam</span> <span class='ocrx_word' id='word_1_228' title='bbox 766 3840 852 3917; x_wconf 84' lang='lat' dir='ltr'>fuge:</span> <span class='ocrx_word' id='word_1_229' title='bbox 872 3838 999 3916; x_wconf 88' lang='lat' dir='ltr'>pallidus</span> <span class='ocrx_word' id='word_1_230' title='bbox 1014 3839 1108 3900; x_wconf 88' lang='lat' dir='ltr'>Orcus</span> 
     </span>
    </p>
   </div>
   <div class='ocr_carea' id='block_1_5' title="bbox 0 0 1514 4700">
    <p class='ocr_par' dir='ltr' id='par_1_21' title="bbox 0 0 1514 4700">
     <span class='ocr_line' id='line_1_38' title="bbox 0 0 1514 4700; baseline 0 1"><span class='ocrx_word' id='word_1_231' title='bbox 0 0 1514 4700; x_wconf 95' lang='lat' dir='ltr'> </span> 
     </span>
    </p>
   </div>
  </div>
 </body>
</html>
