3017 4700
555 412 715 458 eiusmos
736 413 794 456 urs
817 413 858 456 vr.
1151 419 1209 478 ²2³

235 563 312 620 Tum
327 513 450 620 l³hoebo
464 567 495 620 et
508 533 627 618 Triuiae
639 556 739 619 solido
752 558 799 620 de
805 575 951 620 marmore
965 558 1109 636 templrun

236 652 401 725 Instituam,
416 651 570 727 festosque
584 651 649 723 dies
663 651 702 710 de
716 642 837 712 nomim
852 651 975 712 Phoebi
1185 677 1210 717 ⁷0
1246 703 1250 714 „
1277 710 1292 730 J
1326 678 1329 687 ·

235 749 280 806 Te
294 762 413 823 quoque
427 763 536 826 magna
548 754 672 806 manent
684 745 785 822 regnis
797 744 964 822 penetralia
977 745 1093 808 nostris.
1119 779 1139 808 n
1204 707 1275 805 »all

208 869 209 874 1
235 837 298 898 Hic
311 857 368 917 ego
382 856 510 913 namque
524 847 593 897 tuas
605 847 701 899 sortes
714 853 884 914 arcanaque
897 838 965 912 sata,

236 931 325 990 Dicta
337 949 423 990 meae
434 929 525 1010 genti,
540 947 661 1006 ponam,
674 930 830 1006 lectosque
844 929 975 1002 sacram,

235 1024 332 1097 Alma,
347 1024 435 1082 viros.
478 1023 571 1084 Foliis
584 1033 700 1084 tannim
714 1039 754 1084 ne
767 1022 898 1084 carmine
912 1023 1032 1098 nanda.

235 1118 283 1178 Ne
297 1116 413 1187 turbate
425 1117 529 1177 volent
541 1116 654 1194 rapidis
667 1115 795 1177 ludibria
807 1115 905 1181 ventis
915 1139 926 1191 3

236 1211 308 1285 Ipsa
321 1228 411 1269 canas
425 1228 484 1271 oro
528 1209 633 1270 Finem
647 1208 732 1270 dedit
743 1228 796 1270 ore
809 1209 985 1285 loquendis

275 1303 324 1375 At,
340 1301 455 1362 Phoebi
467 1303 601 1362 nondum
614 1301 742 1378 patiens,
757 1302 895 1370 immanis
909 1303 939 1362 in
952 1312 1039 1366 antro

236 1395 399 1454 Bacchatur
411 1404 503 1467 vates,
518 1414 660 1473 magnum
673 1395 698 1453 si
711 1405 834 1472 pectore
848 1394 943 1472 possit

236 1486 410 1548 Excussisse
423 1488 512 1548 deum
523 1510 534 1563 3
554 1498 638 1549 tanto
651 1489 748 1566 magis
760 1487 810 1550 ille
824 1489 927 1566 fatigat

236 1581 280 1641 Os
294 1581 437 1654 rabidum,
452 1580 515 1642 fera
527 1581 617 1642 corda
631 1581 767 1655 domans,
781 1580 925 1658 fingitque
939 1581 1111 1658 premendo.

235 1673 322 1734 Ostia
332 1675 455 1750 jamque
468 1674 576 1734 domus
589 1684 712 1750 patuere
726 1673 860 1756 ingentia
873 1683 992 1742 corinun

237 1767 349 1844 Sponte
364 1785 426 1839 sua,
442 1767 577 1842 vatisque
591 1767 692 1832 ferunt
701 1785 847 1844 responsa
860 1781 913 1842 per
927 1782 1032 1830 eures:

235 1860 264 1920 Ο
278 1859 400 1938 tandem
413 1859 530 1938 magnis
544 1859 643 1936 pelagi
656 1858 797 1941 defupote
810 1857 947 1936 periclis!

236 1952 297 2013 Sed
312 1961 406 2011 terrae
419 1950 553 2029 graviora
567 1960 696 2010 manent.
740 1939 778 2010 In
792 1969 884 2029 regna
896 1951 1004 2014 Lavini

236 2043 427 2123 Dardanidae
440 2043 581 2116 venient3
600 2043 684 2103 mitte
697 2043 778 2103 hanc
790 2043 829 2105 de
842 2054 962 2120 pectore
976 2063 1097 2121 curam3

237 2135 298 2195 Sed
311 2153 374 2194 non
386 2144 419 2195 et
431 2133 549 2194 venisse
561 2135 671 2196 volent.
714 2135 806 2209 Bella,
821 2134 941 2198 horrida
954 2136 1041 2211 bella,

236 2227 278 2287 Et
290 2226 435 2305 Thybrim
449 2227 543 2286 multo
557 2238 742 2303 spumantem
757 2228 901 2306 sanguine
915 2243 1015 2290 eerno.

236 2322 307 2381 Non
321 2319 428 2382 Simois
442 2319 505 2392 tibi,
521 2337 577 2380 nec
589 2320 737 2394 Xanthus,
753 2338 808 2385 nec
823 2321 934 2383 Dorica
947 2333 1044 2385 oestm

235 2414 411 2487 Defuerint3
430 2412 505 2472 alius
515 2412 602 2471 Latio
612 2412 675 2491 jam
689 2423 791 2493 partus
805 2413 949 2489 Achilles,

235 2507 331 2566 Natus
345 2514 376 2565 et
389 2505 453 2581 ipse
467 2492 543 2577 de'a3
563 2522 619 2563 nec
632 2505 758 2566 Teucris
771 2506 873 2569 addita
885 2510 966 2584 Juno

235 2602 372 2678 Usquam
386 2598 500 2671 aberit;
519 2614 612 2675 quum
624 2607 659 2657 tu
670 2599 798 2679 supplex
810 2598 842 2659 in
856 2600 944 2663 rebus
959 2601 1062 2678 egenis

235 2693 318 2768 Quas
331 2692 430 2771 gentis
444 2691 555 2752 ltslum
567 2700 620 2751 aut
632 2710 708 2767 quas
721 2710 784 2751 non
798 2693 928 2753 oraveris
942 2693 1047 2771 urbest
1099 2702 1103 2717 '

237 2788 353 2847 Caussa
366 2784 436 2843 mali
449 2783 525 2843 tanti
538 2785 648 2860 conjux
661 2784 768 2845 iterum
783 2785 901 2863 hospita
914 2786 1038 2847 Teucris

236 2877 416 2953 Extemique
431 2876 536 2935 iterum
549 2875 678 2938 thalami.

235 2973 282 3030 Tu
295 2989 335 3029 ne
348 2969 423 3029 cede
437 2968 532 3041 malis,
547 2968 603 3029 sed
615 2978 720 3031 contra
733 2970 891 3051 audentior
905 2969 956 3043 ito,

236 3064 335 3136 Quam
349 3072 399 3121 tua
413 3070 443 3120 te
457 3062 589 3121 Fortuna
601 3061 688 3123 sinet
730 3063 789 3121 Via
800 3061 897 3139 prima
910 3062 1023 3136 salutis,

236 3155 326 3229 Quod
340 3154 461 3215 minime
474 3152 555 3226 reris,
570 3155 662 3215 Graia
674 3155 823 3233 pandetur
835 3155 875 3215 eb
888 3154 969 3215 urbe.

275 3247 400 3308 Talibus
414 3267 451 3307 ex
464 3248 554 3325 adyto
567 3246 657 3308 dictis
671 3248 805 3309 Cumaea
817 3247 928 3326 Sibylla

236 3342 410 3403 Horrendas
424 3340 503 3402 canit
516 3340 659 3418 ambages
670 3350 816 3417 antroque
829 3341 965 3419 remugit,

234 3434 378 3498 Obscuris
391 3453 462 3496 vera
474 3434 649 3494 involvens:
668 3451 705 3493 ea
717 3433 802 3495 frena
815 3434 921 3495 furenti

235 3528 385 3602 Concutit,
401 3537 432 3588 et
447 3526 581 3587 stimulos
595 3525 651 3585 suh
665 3535 787 3602 pectore
800 3525 888 3587 vertit
902 3525 1022 3603 Apollo.

234 3622 279 3680 Ut
291 3621 419 3697 primum
432 3618 522 3680 cessit
535 3617 615 3677 furor
628 3628 659 3677 et
672 3619 778 3681 rabida
790 3636 842 3679 ora
854 3618 1001 3695 quierunt,

235 3714 346 3790 Incipit
358 3716 478 3773 Aeneas
491 3713 598 3771 heros:
619 3712 691 3772 Non
704 3712 764 3771 ulle
778 3711 920 3785 laborum,
976 3756 985 3767 .
1013 3742 1014 3747 κ

235 3806 263 3867 O
277 3806 368 3885 virgo,
383 3824 461 3864 nova
474 3804 515 3861 mi
528 3802 620 3865 facies
634 3802 793 3880 inopipaue
806 3802 899 3883 surgit
909 3825 919 3878 3
