3017 4700
568 437 747 481 GEORGICON
770 437 828 481 LlB.
853 440 872 481 l.

239 584 437 662 Concipiunt:
457 583 528 642 hinc
540 581 590 642 ille
604 583 702 642 avium
715 593 879 644 concentus
894 583 924 642 in
939 583 1025 662 agris,

239 679 277 736 Et
290 678 385 736 laetae
398 677 539 753 pecudes,
554 687 584 736 et
598 687 722 736 ovantes
734 687 851 755 gutture
865 677 953 737 corvi.
977 714 979 722 r

279 770 309 830 Si
323 788 394 829 vero
408 769 503 828 solem
517 770 555 829 ad
568 769 704 846 rapidum
718 771 863 846 lunasque
877 778 1036 846 sequentes

238 863 351 923 Ordine
365 861 514 939 respicies,
530 882 691 938 numquam
705 872 735 922 te
748 862 877 922 crastina
890 863 974 922 fallet

238 957 332 1029 Hora,
348 974 446 1032 neque
460 956 575 1015 insidiis
590 955 686 1015 noctis
700 957 818 1032 capiere
833 975 962 1015 serenae.

238 1053 330 1122 Luna,
346 1060 526 1109 revertentes
540 1068 631 1126 quum
645 1050 772 1127 primum
787 1049 899 1128 colligit
912 1050 1003 1126 ignes,

239 1145 270 1204 Si
284 1144 400 1221 nigrum
414 1143 541 1202 obscuro
554 1142 773 1219 comprenderit
787 1145 856 1202 aera
869 1161 969 1215 comu,

237 1235 387 1295 Maximus
401 1235 537 1314 agricolis
551 1235 718 1313 pelagoque
732 1235 883 1312 parabitur
897 1235 1010 1308 imber,

237 1331 277 1388 At
291 1329 316 1387 si
329 1329 493 1407 virgineum
508 1328 661 1388 suffuderit
674 1347 725 1388 ore
739 1329 886 1402 ruborem,
963 1360 968 1366 ·

237 1424 353 1481 Ventus
368 1422 442 1496 erit,
462 1432 551 1480 vento
565 1439 683 1498 semper
696 1421 782 1480 rubet
796 1440 884 1480 aurea
898 1421 1027 1480 Phoebe.

238 1514 288 1573 Sin
302 1524 368 1574 ortu
383 1524 496 1590 quarto,
512 1532 640 1590 namque
653 1513 679 1573 is
694 1514 876 1574 certissimus
890 1523 1000 1586 auctor,

238 1610 314 1667 Pura
323 1601 426 1684 ⁴neque
439 1607 574 1667 obtunsis
587 1626 641 1684 per
654 1609 771 1668 coelum
786 1607 924 1666 cornibus
938 1607 1001 1679 ibit,

92 1694 97 1702 ’
147 1743 151 1750 -
237 1703 331 1760 Totus
345 1710 376 1761 et
389 1700 439 1759 ille
454 1700 527 1774 dies,
542 1710 574 1760 et
587 1700 638 1776 qui
652 1709 811 1760 nascentur
824 1700 862 1758 ab
875 1700 927 1758 illo

239 1797 382 1853 Exactum
396 1794 434 1852 ad
448 1812 589 1866 mensem,
604 1793 705 1870 pluvia
718 1793 875 1869 ventisque
889 1793 1041 1866 carebunt,
1173 1815 1210 1853 4³5

237 1889 374 1963 Votaque
389 1886 496 1946 servati
510 1886 626 1946 solvent
640 1886 669 1944 in
684 1885 770 1944 litore
785 1896 892 1944 nautae

239 1981 352 2041 Glauco
367 1989 398 2039 et
412 1982 568 2056 Panopeae
583 1988 613 2038 et
627 1981 705 2038 Inoo
720 1977 901 2037 Melicertae.

220 2068 225 2076 ’
238 2075 288 2134 Sol
302 2091 421 2151 quoque
435 2082 464 2132 et
478 2070 621 2144 exoriens,
637 2081 667 2130 et
681 2089 771 2146 quum
786 2089 818 2129 se
832 2071 943 2130 condet
956 2071 987 2129 in
1000 2070 1106 2143 undas,

240 2168 330 2245 Signa
344 2165 445 2239 dabit;
465 2165 559 2224 solem
574 2163 737 2222 certissima
751 2163 837 2240 signa
852 2173 1023 2238 sequuntur,

240 2263 277 2319 Et
291 2278 367 2336 quae
380 2277 469 2316 mane
482 2257 578 2329 refert,
593 2265 624 2315 et
637 2274 714 2332 quae
728 2254 917 2332 surgentibus
931 2256 1025 2315 astris.

240 2355 296 2413 Ille
310 2353 362 2412 ubi
376 2363 548 2412 nascentem
562 2350 685 2409 maculis
699 2349 854 2410 variaverit
867 2360 965 2409 ortum

240 2446 387 2508 Conditus
401 2446 432 2503 in
445 2445 564 2517 nubem
579 2444 738 2520 medioque
752 2442 892 2521 refugerit
906 2444 986 2516 orbe,

241 2539 377 2616 Suspecti
390 2538 444 2598 tibi
457 2538 518 2596 sint
530 2535 659 2611 imbres3
678 2555 808 2612 namque
823 2545 928 2615 urguet
941 2536 980 2594 ab
993 2535 1055 2594 alto

239 2631 461 2706 Arboribusque
475 2629 606 2706 satisque
621 2632 719 2689 Notus
732 2629 893 2706 pecorique
908 2628 1034 2688 sinister.

240 2729 302 2784 Aut
314 2724 366 2784 ubi
380 2724 435 2783 sub
450 2724 546 2782 lucem
560 2724 654 2783 densa
667 2724 744 2783 inter
759 2723 861 2783 nubila
875 2740 942 2782 sese

240 2817 358 2877 Diversi
371 2826 508 2893 rumpent
521 2817 604 2889 radii,
619 2825 670 2875 aut
682 2816 735 2898 ubi
749 2816 861 2893 pallida
875 2825 974 2893 surget

239 2911 362 2970 Tithoni
373 2928 511 2969 croceum
525 2910 663 2985 linquens
677 2913 794 2969 Aurora
808 2909 913 2983 cubile,

241 3006 321 3076 Heu,
337 3003 490 3062 maletum
503 3003 591 3061 mites
605 3002 748 3062 defendet
762 3002 919 3079 pampinus
933 3018 1023 3059 uvas:

240 3099 317 3156 Tam
331 3096 423 3154 multa
437 3094 467 3153 in
481 3096 567 3155 tectis
582 3096 730 3173 crepitans
746 3095 813 3153 salit
826 3095 946 3153 horrida
958 3094 1080 3170 grando

242 3192 312 3248 Hoc
327 3189 424 3261 etiam,
440 3206 562 3247 emenso
576 3207 668 3264 quum
686 3190 748 3265 jam
763 3187 882 3247 decedit
896 3188 1034 3265 Olympo,

241 3281 386 3341 Profuerit
400 3281 569 3340 meminisse
583 3281 697 3359 magis3
717 3300 788 3340 nam
803 3298 893 3356 saepe
906 3279 1043 3339 videmus

241 3374 342 3451 Ipsius
355 3372 387 3432 in
399 3375 482 3432 vultu
495 3373 593 3432 varios
608 3392 705 3433 errare
719 3374 834 3433 colores
847 3394 855 3447 ς

241 3465 403 3527 Caeruleus
416 3466 547 3543 pluviam
562 3461 724 3539 denuntiat,
740 3466 845 3543 igneus
860 3466 975 3539 Euros3

241 3559 293 3619 Sin
308 3560 442 3618 maculae
456 3558 599 3635 incipient
611 3558 700 3617 rutilo
714 3558 905 3617 immiscerier
918 3556 987 3635 igni,
1011 3545 1015 3553 ¹

241 3650 352 3711 Omnia
365 3661 427 3711 tum
442 3650 552 3728 pariter
563 3659 655 3711 vento
668 3650 837 3727 nimbisque
851 3650 967 3709 videbis
1066 3684 1069 3691 ·

241 3745 377 3803 Fervere.
420 3746 490 3803 Non
504 3744 556 3802 illa
569 3743 727 3820 quisquam
740 3762 789 3801 me
804 3753 891 3802 nocte
905 3760 960 3819 per
973 3742 1065 3803 altum

242 3838 299 3910 Ire,
315 3854 412 3913 neque
426 3856 445 3895 a
458 3846 534 3895 terra
547 3845 667 3895 moneat
679 3837 847 3899 convellere
861 3836 968 3899 limem.
