3017 4700
307 378 346 437 86
623 390 649 432 n.
668 387 801 431 virumn
823 386 964 430 unnoms

234 512 244 558 ⁰‘
310 541 422 598 Rursus
436 537 467 595 in
482 534 635 613 obliquum
649 553 735 594 verso
748 531 910 611 perrumpit
923 542 1028 605 aratro,

310 632 495 706 Exercetque
509 630 646 705 frequens
660 628 803 699 tellurem,
819 636 908 701 atque
922 626 1046 702 imperat
1059 625 1141 687 arvis.

350 721 486 781 Humida
500 719 624 780 solstitia
638 730 726 796 atque
741 719 853 778 hiemes
868 729 949 777 orate
964 737 1090 794 serenas,
1246 749 1282 776 ιω

309 815 466 891 Agricolae
477 837 487 889 3
506 814 631 873 hiberno
645 811 803 872 laetissima
817 811 936 887 pulvere
950 812 1033 887 sarra,

310 910 420 966 Laetus
435 925 520 984 ager:
539 907 622 966 nullo
637 916 751 965 tanturn
766 923 797 963 se
813 903 912 981 Mysia
925 905 1006 964 cultu

309 1002 408 1077 Jactat
422 1008 452 1058 et
465 1000 531 1076 ipsa
545 999 768 1057 suas'mirantur
782 998 912 1073 Gargara
925 1017 1044 1058 messes

311 1091 392 1167 Quid
407 1091 513 1165 dicam,
526 1092 606 1170 jacto
621 1091 672 1167 qui
687 1089 798 1149 semine
813 1089 978 1150 comminus
992 1111 1061 1151 arva

300 1185 481 1260 ·Insequitur
493 1185 688 1260 cumulosque
701 1183 759 1242 ruit
772 1183 850 1242 male
864 1182 980 1260 pinguis
994 1203 1109 1258 arenae,
1248 1211 1282 1249 105

312 1277 430 1337 Deinde
445 1277 515 1336 satis
528 1276 651 1334 fluvium
665 1275 779 1335 inducit
792 1275 929 1353 rivosque
945 1287 1111 1354 sequentes,

313 1373 360 1443 Et,
376 1389 467 1446 quum
481 1380 602 1428 exustus
617 1387 686 1446 ager
699 1369 894 1429 morientibus
909 1380 1023 1431 aestuat
1036 1369 1145 1442 herbis,

312 1464 391 1521 Ecce
406 1461 563 1538 supercilio
578 1461 682 1521 clivosi
696 1461 819 1522 tramitis
833 1463 944 1522 undam

312 1555 420 1614 Elicit?
441 1555 492 1614 illa
505 1554 617 1614 cadens
631 1574 752 1614 raucum
765 1575 819 1633 per
832 1557 909 1616 levia
921 1575 1052 1616 murmur

312 1649 389 1707 Saxa
402 1647 469 1721 ciet,
486 1648 689 1724 scatebrisque
704 1648 815 1708 arentia
829 1659 971 1727 temperat
986 1669 1060 1709 arva

312 1741 403 1815 Quid,
419 1741 479 1818 qui,
495 1761 533 1801 ne
546 1742 673 1818 gravidis
687 1743 862 1818 procumbat
876 1744 989 1802 culmus
1004 1743 1110 1816 aristis,

313 1835 471 1894 Luxuriem
486 1845 619 1912 segetum
633 1846 735 1896 tenera
748 1836 882 1913 depascit
896 1836 927 1894 in
941 1837 1041 1911 herba,

314 1928 414 2002 Quum
428 1929 554 2005 primum
569 1931 670 1990 sulcos
685 1941 815 2006 aequant
830 1932 911 2010 sata?
933 1930 1041 2006 quique
1055 1928 1170 2006 paludis

292 2055 295 2060 ·
314 2022 482 2081 Collectum
496 2022 650 2082 humorem
663 2022 766 2083 bibula
780 2023 899 2083 deducit
913 2043 1009 2096 arena,

314 2115 491 2174 Praesertim
506 2114 624 2176 incertis
639 2116 663 2175 si
676 2117 830 2176 mensibus
844 2117 939 2176 amnis
954 2116 1109 2176 abundans
1251 2143 1285 2181 11⁵

315 2206 391 2282 Exit,
408 2218 438 2267 et
453 2208 585 2269 obducto
598 2211 657 2269 late
671 2220 753 2270 tenet
768 2209 868 2269 omnia
882 2209 962 2283 limo,

314 2302 406 2363 Unde
417 2321 511 2363 cavae
526 2303 628 2380 tepido
643 2304 751 2363 sudant
765 2303 888 2363 humore
903 2304 1046 2365 lacunae?

350 2397 1286 2475 Nectamen,baecquumsinthominumqueboumquelabores

313 2490 470 2549 Versando
485 2499 591 2549 terram
606 2490 727 2575 experti,
743 2488 817 2547 nihil
836 2489 987 2581 improbps
1002 2509 1088 2549 anser

316 2582 561 2659 Strymoniaeque
574 2601 659 2658 grues
673 2592 703 2641 et
717 2582 824 2641 amaris
839 2582 941 2643 intuba
954 2582 1035 2642 fibris
1213 2614 1218 2629 ·
1252 2610 1288 2638 120

314 2674 458 2735 Officiunt
471 2685 522 2734 aut
536 2676 640 2733 umbra
654 2686 749 2734 nocet
795 2678 881 2735 Pater
894 2675 957 2752 ipse
972 2675 1090 2735 colendi

316 2768 409 2827 Haud
423 2767 539 2826 facilem
554 2785 620 2826 esse
634 2766 712 2827 viam
726 2767 827 2841 voluit,
843 2769 1015 2845 primusque
1029 2788 1082 2846 per
1096 2776 1187 2829 artem

316 2859 413 2920 Movit
428 2878 521 2936 agros,
536 2860 615 2919 curis
628 2880 737 2919 acuens
751 2862 887 2920 mortalia
900 2862 998 2935 corda,

315 2955 344 3012 N
347 2972 381 3012 ec
395 2962 513 3029 torpere
525 2954 607 3030 gravi
621 2969 726 3029 passus
740 2972 795 3024 sua
807 2973 898 3030 regna
910 2964 1039 3015 veterno.

316 3049 396 3105 Ante
409 3048 517 3122 Jovem
531 3046 604 3105 nulli
619 3048 795 3123 subigebant
808 3066 877 3106 arva
891 3048 1010 3123 coloni3

316 3141 364 3198 Ne
379 3138 493 3215 signare
507 3138 629 3216 quidem
643 3150 694 3200 aut
707 3140 808 3217 partiri
822 3139 913 3200 limite
928 3159 1078 3218 campum¹

316 3234 375 3290 Fas
389 3243 452 3291 erat
464 3255 470 3291 ι
490 3231 522 3290 in
537 3233 668 3292 medium
682 3235 870 3310 quaerebant,
886 3233 1010 3311 ipsaque
1024 3234 1112 3295 tellus

316 3323 426 3383 Omnia
440 3325 569 3399 liberius,
585 3327 667 3385 nullo
680 3336 832 3403 poscente,
848 3327 967 3387 ferebat.

316 3417 372 3476 llle
386 3419 498 3477 malum
512 3418 590 3478 virus
604 3420 790 3496 serpentibus
805 3419 920 3480 addidit
935 3419 1013 3493 atris,
1083 3426 1087 3433 '

316 3510 513 3587 Praedan'que
528 3512 616 3588 lupos
627 3513 722 3591 jussit,
737 3523 921 3590 pontumque
936 3514 1056 3587 moveri,

318 3603 471 3680 Mellaque
485 3604 615 3664 decussit
628 3605 715 3679 foliis,
730 3605 889 3683 ignemque
903 3606 1037 3681 removit,

318 3696 356 3755 Et
370 3696 482 3772 passim
498 3696 568 3757 rivis
583 3698 728 3776 currentia
740 3700 810 3759 vina
823 3698 968 3776 repressit,

318 3790 362 3848 Ut
375 3790 469 3849 varias
483 3810 555 3851 usus
568 3791 742 3853 meditando
757 3793 932 3853 extunderet
945 3800 1022 3853 artes
