3017 4700
308 424 347 478 44
643 421 668 464 Ρ.
693 421 793 465 ovrou
815 423 948 467 ursonis

308 568 373 625 Nec
388 577 487 626 tamen
503 567 656 628 admonita
669 578 715 628 est
729 587 829 646 poena
842 569 991 647 popularis
1006 572 1168 647 Arachnes,
1245 605 1281 641 150

308 660 422 720 Cedere
437 661 593 722 coelitibus
606 663 764 739 verbisque
777 663 939 724 minoribus
953 664 1003 724 uti

307 754 406 812 Multa
419 754 531 814 dabant
545 754 679 816 animos:
699 756 752 816 sed
767 755 846 816 enim
860 775 916 817 nec
930 758 1067 835 conjugis
1078 770 1156 819 artes

307 848 372 905 Nec
386 865 481 923 genus
495 849 651 908 amborum
668 849 827 928 magnique
840 850 975 928 potentia
987 852 1070 928 regni

308 939 356 998 Sic
371 941 507 1016 placuere
523 941 613 1000 illi—
622 942 756 1018 quamvis
771 962 806 1002 ea
820 953 927 1003 cuncta
940 945 1141 1020 placerent-

307 1035 351 1093 Ut
365 1052 417 1092 sua
432 1035 595 1111 progenies.
640 1037 678 1094 Et
693 1035 861 1095 felicissima
873 1047 1001 1095 matrum
1244 1069 1278 1107 ¹⁵⁵

307 1127 397 1186 Dicta
411 1130 486 1187 soret
500 1129 608 1202 Niobe,
624 1128 649 1188 si
663 1149 724 1188 non
739 1128 795 1188 sibi
808 1129 870 1188 visa
883 1130 993 1190 fuisset

307 1224 385 1281 Nam
401 1232 466 1281 sata
480 1221 602 1295 Tiresia,
618 1221 733 1282 venturi
747 1222 886 1299 praescia,
902 1225 1011 1283 Manto

305 1319 362 1375 Per
377 1315 493 1375 medias
508 1317 609 1388 fuerat,
625 1314 725 1374 divino
739 1315 857 1375 concita
869 1327 962 1390 motu,

306 1409 476 1468 Vaticinata
490 1407 570 1467 vias:
591 1409 766 1482 Ismenides,
782 1409 821 1468 ite
836 1410 1012 1485 frequentes,

307 1504 345 1562 Et
361 1503 430 1562 date
446 1504 580 1561 Latonae
595 1501 844 1578 Latonigenisque
858 1503 975 1562 duobus

307 1597 384 1656 Cum
401 1615 488 1672 prece
503 1605 568 1655 tura
581 1594 638 1670 pia,
654 1595 797 1670 lauroque
810 1594 950 1656 innectite
965 1595 1095 1657 crineml

304 1690 364 1748 Ore
379 1707 447 1748 meo
464 1691 579 1747 Latona
590 1689 681 1767 jubet.
726 1690 856 1761 Paretur,
871 1698 901 1748 et
915 1707 1020 1748 omnes

302 1781 473 1841 Thebaides
486 1780 574 1859 jussis
589 1801 642 1842 sua
656 1792 791 1858 tempora
804 1781 957 1842 frondibus
971 1791 1099 1857 ornant,

303 1877 442 1951 Turaque
458 1875 530 1934 dant
545 1873 654 1933 sanctis
669 1885 699 1934 et
713 1876 803 1934 verba
816 1876 967 1951 precantia
979 1875 1116 1935 flammis.

303 1970 390 2042 Ecce,
407 1967 489 2027 veuit
503 1967 643 2028 comitum
660 1967 759 2026 Niobe
773 1968 964 2027 celeberrima
977 1969 1071 2042 turba,
1242 1989 1277 2036 1⁶5

302 2063 443 2122 Vestibus
459 2062 572 2121 intexto
588 2058 719 2138 Phrygiis
734 2060 903 2136 spectabilis
918 2079 997 2134 auro,

303 2159 349 2230 Et,
367 2165 509 2233 quantum
525 2155 567 2214 ira
581 2153 657 2227 sinit,
673 2153 803 2212 formosa
815 2172 999 2229 movensque
1013 2155 1124 2215 decoro

302 2253 378 2311 Cum
394 2249 491 2326 capite
506 2247 655 2308 immissos
669 2247 824 2306 humerum
837 2266 891 2323 per
904 2258 1060 2323 utrumque
1075 2247 1208 2325 capillos,

301 2343 442 2405 Constitit
454 2366 462 2419 ;
483 2355 573 2419 utque
589 2342 692 2402 oculos
706 2339 885 2401 circumtulit
898 2340 959 2399 alta
973 2342 1125 2417 superbos,

301 2436 377 2510 Quis
393 2438 471 2497 furor
486 2436 610 2509 auditos,
627 2433 729 2509 iuquit,
746 2452 928 2509 praeponere
942 2432 1012 2492 visis
1241 2468 1276 2505 170

301 2532 474 2591 Coelestes?
516 2532 577 2589 Aut
591 2547 643 2589 cur
657 2526 763 2587 colitur
776 2529 893 2587 Latona
906 2546 959 2603 per
972 2546 1046 2599 aras,

300 2625 420 2683 Numen
432 2624 529 2682 adhuc
542 2622 605 2683 sine
618 2633 681 2681 ture
695 2639 795 2681 meum
810 2621 876 2679 est?
917 2620 994 2679 Mihi
1008 2623 1153 2682 Tantalus
1163 2634 1272 2695 auctor,

300 2716 356 2777 Cui
371 2715 452 2775 licuit
468 2715 523 2779 soli
539 2733 710 2792 superorum
725 2723 846 2791 tangere
860 2732 997 2788 mensas,
1071 2773 1074 2777 .

299 2808 454 2869 Pleiadum
470 2829 553 2869 soror
568 2818 613 2868 est
626 2806 751 2885 genitrix
766 2802 851 2881 mea,
871 2805 1016 2866 maximus
1030 2809 1116 2867 Atlas

299 2905 354 2962 Est
369 2922 447 2975 avuS,
464 2902 625 2962 aetherium
642 2900 692 2978 qui
707 2901 763 2960 fert
777 2898 939 2959 cervicibus
953 2919 1058 2975 axem3
1237 2930 1272 2968 17⁵

298 2995 414 3072 Jupiter
427 2996 500 3055 alter
514 3014 604 3070 avus,
626 3013 728 3054 socero
744 3012 863 3069 quoque
877 2993 985 3069 glorior
1000 2992 1059 3052 illo.

299 3091 352 3147 Me
367 3100 469 3165 gentes
484 3098 619 3148 metuunt
635 3086 799 3165 Phrygiae;
818 3106 866 3146 me
881 3086 960 3163 regia
975 3086 1082 3146 Cadmi

300 3182 362 3240 Sub
377 3182 498 3241 domina
512 3192 565 3255 est,
582 3180 749 3257 fidibusque
764 3179 823 3239 mei
838 3179 996 3239 commissa
1009 3179 1105 3239 mariti

299 3274 422 3333 Moenia
437 3293 504 3334 cum
519 3275 636 3351 populis
652 3293 670 3333 a
684 3292 793 3350 meque
808 3272 930 3348 viroque
945 3283 1089 3349 reguntur.

299 3367 336 3423 In
352 3385 568 3443 quamcumque
583 3368 689 3427 domus
705 3368 827 3426 adverto
842 3364 953 3425 lumina
967 3376 1088 3441 partem,
1236 3384 1273 3423 xa>

298 3462 466 3520 Immensae
482 3472 651 3537 spectantur
665 3479 746 3537 opes
790 3458 917 3519 Accedit
930 3460 1038 3518 eodem

299 3551 399 3628 Digna
412 3553 469 3612 dea
482 3554 581 3613 facies
625 3556 695 3614 Huc
710 3563 795 3613 natas
809 3552 906 3628 adjice
921 3563 1035 3628 septem

300 3648 338 3705 Et
353 3644 476 3705 totidem
488 3647 621 3721 juvenes
637 3658 667 3707 et
681 3664 751 3705 mox
765 3663 949 3722 generosque
964 3663 1119 3721 nurusque.

299 3737 440 3811 Quaerite
454 3757 541 3811 nunc,
558 3739 666 3799 habeat
680 3758 770 3815 quam
785 3749 887 3797 nostra
900 3738 1037 3814 superbia
1050 3744 1189 3799 causam!

299 3831 428 3907 Quoque
442 3831 533 3891 modo
548 3830 662 3891 audetis
676 3832 808 3909 genitam
825 3829 966 3891 Titanida
980 3832 1064 3890 Coeo
