3017 4700
524 421 731 466 METAMORPH.
754 423 812 467 Lm.
837 423 882 466 111.

259 520 283 558 ιι
302 507 358 554 ul

215 477 358 646 l'orquet
375 578 404 629 et
418 567 579 630 immensos
593 569 669 628 saltu
684 555 817 630 sinuatur
830 569 861 629 in
875 588 966 644 arcus,

216 665 262 723 Ac
276 662 374 723 media
388 663 461 751 plus
468 675 551 739 parte
565 662 646 743 lqves
660 675 774 724 erectus
788 664 819 723 in
834 682 918 723 auras

218 725 357 835 Despicit
366 774 456 816 omne
470 774 583 830 nemus,
599 766 743 833 tantoque
757 767 803 816 est
816 776 948 834 corpore,
964 766 1085 842 quanto,

218 849 249 910 Si
263 859 359 910 totum
374 859 498 926 spectes,
514 848 646 926 geminas
661 850 712 925 qui
726 861 841 926 separat
855 852 999 924 Arctos,

217 945 282 1002 Nec
297 961 398 1016 mora;
420 941 632 1016 Phoenicas,
610 961 671 1002 srve
686 941 728 1000 illi
741 944 802 1002 tela
815 943 958 1019 parabant

217 1035 285 1096 Sive
300 1037 407 1112 fugam,
423 1029 485 1095 'sive
499 1035 563 1112 ipse
577 1035 666 1095 timor
679 1035 856 1112 prohibebat
870 1047 1035 1114 utrumque,

216 1130 370 1204 Occupat:
391 1127 446 1187 hos
460 1147 568 1202 morsu,
584 1127 679 1205 longis
694 1128 878 1206 amplexibus
892 1129 968 1204 illos,

114 1224 118 1231 '
217 1223 284 1281 Hos
300 1231 387 1281 necat
401 1220 491 1280 afflati
505 1222 621 1280 funesta
635 1222 703 1281 tabe
717 1221 833 1282 veneni.
901 1241 1006 1324 [²¹³.

257 1317 380 1375 Fecerat
381 1313 514 1404 exigqas
526 1315 589 1390 jam
603 1314 649 1373 sol
664 1296 823 1374 altissimus
831 1316 974 1399 umbras:

216 1409 301 1484 Quae
316 1426 399 1467 mora
413 1407 450 1466 sit
465 1406 552 1466 sociis
566 1405 687 1466 miratur
699 1409 838 1485 Agenore
852 1418 948 1482 natus,

215 1500 415 1578 vestigatque
423 1500 508 1559 viros.
553 1499 698 1576 Tegimen
713 1496 829 1596 direpta
842 1500 923 1560 leoni

217 1593 305 1653 Pellis
320 1604 389 1673 erat,
405 1569 497 1671 telum
513 1590 680 1680 splendenti
696 1567 800 1656 lancea
809 1582 890 1676 lerro

217 1687 255 1745 Et
267 1687 407 1762 jaculum,
423 1678 542 1762 teloque
557 1683 673 1788 aniprus
687 1663 884 1769 praestantior
896 1686 987 1781 pmni.

216 1780 260 1839 Ut
274 1798 378 1839 nemus
387 1766 518 1856 intravit,
534 1750 683 1858 letataque
698 1799 824 1884 corpora
837 1780 950 1855 vidit,

216 1872 426 1949 victoremque
442 1868 530 1949 su'pra
543 1870 664 1950 spatiosi
679 1873 811 1951 corporis
825 1874 943 1934 hostem

216 1964 325 2024 Tn'stia
324 1965 499 2062 sanguinea
512 1967 693 2026 lambentem
707 1968 830 2063 ιιιιΙιιειιιΙ
842 1967 952 2045 lingua,

217 2061 279 2120 Aut
292 2029 370 2148 ultor
383 2069 505 2162 vestrae,
521 2059 663 2118 fidissima
694 2077 817 2146 orpora,
825 2038 946 2120 'mortis‘

216 2154 278 2212 Aut
293 2170 401 2266 cqmes,
417 2127 520 2258 iriquit,
536 2119 595 2211 eio.
640 2079 731 2234 Dllqit,
744 2152 908 2239 dextraque
914 2153 1065 2257 prolarem

217 2215 347 2318 Sustulit,
363 2251 393 2305 et
395 2248 545 2333 magnum
560 2263 678 2328 magno
684 2244 842 2306 conamine
856 2238 942 2305 misit

219 2337 302 2404 IHius
315 2326 443 2417 imp'ulsu
457 2358 525 2399 cum
540 2337 665 2399 turribus
681 2339 773 2400 ardua
787 2338 873 2401 celsis

218 2421 342 2495 Moenia
354 2444 437 2493 mota
450 2434 565 2508 forent3
585 2452 706 2538 serpens
721 2433 785 2495 sine
798 2435 920 2494 vulnere
933 2432 1050 2507 mansit,

202 2516 400 2617 ¹Loricaeque
414 2527 506 2586 modo
521 2526 652 2603 squamis
666 2529 805 2597 defensus
819 2538 850 2588 et
864 2537 944 2588 atrae

220 2606 335 2680 Duritia
348 2619 442 2696 pellis,
458 2618 573 2680 validos
587 2630 656 2681 cute
670 2620 799 2697 repulit
791 2630 875 2681 retus.

219 2716 260 2773 At
273 2732 334 2772 non
349 2711 456 2773 duritia
468 2714 599 2788 jaculum
614 2732 734 2790 quoque
748 2712 820 2773 vicit
834 2714 959 2774 eadem:

219 2805 309 2881 Quod
323 2806 423 2865 medio
437 2806 535 2865 lentae
551 2804 653 2883 spinae
668 2806 838 2866 curvamine
853 2808 944 2865 fixum

219 2897 368 2971 Constitit,
385 2907 414 2957 et
429 2907 524 2957 totum
539 2898 694 2959 descendit
708 2898 739 2957 in
753 2898 805 2958 ilia
818 2900 933 2959 sermm.

220 2992 283 3066 Ille,
300 2992 402 3051 dolore
417 2993 506 3065 ferox,
522 3002 612 3069 caput
627 2991 657 3051 in
672 3011 725 3051 sua
738 3002 821 3069 terga
835 2991 960 3052 retorsit

218 3086 407 3161 Vulneraque
421 3084 565 3161 adspexit,
577 3086 727 3161 fixumque
741 3084 848 3145 hastile
863 3083 1031 3158 momordit,

220 3178 326 3254 quue,
340 3176 392 3237 ubi
406 3177 436 3237 vi
449 3178 543 3237 multa
556 3188 670 3255 partem
685 3177 824 3237 labefecit
838 3177 868 3236 in
883 3196 1012 3250 omnem,

219 3269 277 3329 Vix
291 3280 374 3347 tergo
388 3270 513 3347 eripuit3
534 3273 641 3331 sermm
656 3280 755 3331 tamen
771 3270 887 3331 ossibus
901 3269 1004 3330 haesit

219 3364 298 3423 Tum
312 3381 391 3437 vero,
407 3374 566 3441 postquam
580 3362 820 3426 solitasaccessit
834 3364 872 3424 ad
886 3363 944 3423 iras

220 3456 319 3516 Causa
332 3475 445 3530 recens,
460 3456 556 3533 plenis
570 3465 740 3517 tumuerunt
753 3468 871 3535 guttura
883 3455 976 3533 penis,

219 3550 389 3651 Spumaque
403 3549 558 3627 pestiferos
572 3548 746 3609 circumfluit
761 3548 861 3612 albida
869 3548 1042 3644 rictus,

219 3622 368 3749 Terraque
383 3662 449 3703 rasa
463 3653 549 3702 sonat
563 3641 708 3724 squamis,
718 3641 828 3721 quique
841 3618 951 3702 halitus
964 3603 1071 3702 exit

220 3736 323 3795 Ore
293 3755 377 3813 niger
390 3734 491 3813 Stygio
506 3734 622 3795 vitiatas
635 3734 729 3794 inficit
745 3734 861 3795 herbas.

221 3830 290 3906 Ipse
305 3828 419 3890 modo
411 3846 589 3889 rmmensum
604 3826 688 3905 spiris
702 3826 879 3888 facientibus
893 3828 997 3889 orbem
