3017 4700
290 400 329 457 30
622 394 648 437 P.
671 393 771 439 OVlDll
793 394 925 438 NASONIS

289 539 381 613 Vidit,
397 549 428 599 et
441 539 599 600 obscurum
613 538 717 599 timido
731 541 809 616 pede
823 539 896 618 fugit
910 539 941 598 in
955 550 1080 616 antrum,
1222 574 1258 602 ιω

290 633 431 708 Dumque
446 631 526 708 fugit,
542 642 625 711 tergo
639 631 787 691 velamina
801 632 885 708 lapsa
897 631 1025 709 reliquit.

289 726 334 784 Ut
347 726 395 784 lea
409 743 497 785 saeva
511 724 588 784 sitim
602 725 695 784 multa
708 724 893 801 compescuit
906 725 996 800 unda,

290 819 371 877 Dum
385 817 463 877 redit
476 817 507 878 in
521 818 619 891 silvas,
635 817 773 876 inventos
787 815 861 878 sorte
876 817 940 878 sine
954 818 1020 896 ipsa

289 912 351 971 Ore
364 919 518 970 cruentato
532 919 636 970 tenues
650 909 772 983 laniavit
785 910 918 970 amictus.

291 1004 391 1064 Serius
405 1022 541 1080 egressus
554 1002 678 1081 vestigia
691 999 775 1061 'videt
787 1002 818 1060 in
832 1004 893 1063 alto

289 1097 414 1156 Pulvere
428 1106 508 1174 certa
521 1095 600 1154 ferae
615 1104 738 1171 totoque
753 1095 895 1172 expalluit
908 1115 960 1156 ore

289 1190 440 1267 Pyramus.
483 1190 528 1249 Ut
541 1206 612 1248 vero
626 1196 739 1247 vestem
755 1207 873 1265 quoque
888 1188 1030 1268 sanguine
1045 1189 1167 1251 tinctam

289 1280 430 1358 Reperiti
459 1283 530 1340 Una
544 1280 627 1354 duos
642 1279 746 1356 inquit,
764 1300 823 1340 nox
836 1281 941 1358 perdet
955 1292 1088 1342 amantes
1102 1305 1108 1341 :

289 1374 316 1432 E
329 1373 436 1450 quibus
450 1373 501 1432 illa
514 1373 569 1432 fuit
583 1373 672 1452 longa
686 1372 860 1452 dignissima
874 1375 952 1450 vita3

289 1467 400 1526 Nostra
414 1484 525 1526 nocens
539 1465 638 1525 anima
652 1475 715 1525 est:
735 1485 792 1545 ego
805 1477 844 1540 te,
859 1467 1034 1540 miseranda,
1049 1468 1170 1544 peremi,
1220 1500 1256 1526 ιω

289 1560 326 1617 In
340 1559 407 1617 loca
420 1558 510 1635 plena
523 1567 619 1618 metus
634 1559 684 1636 qui
696 1560 772 1635 iussi
786 1569 874 1621 nocte
887 1559 1012 1633 venireS,

288 1651 355 1710 Nec
369 1651 449 1728 prior
462 1651 520 1710 huc
535 1651 611 1711 veni.
655 1655 799 1712 Nostrum
814 1652 944 1712 divellite
958 1671 1074 1729 corpus,

288 1744 328 1802 Et
341 1743 484 1804 scelerata
497 1743 560 1804 fero
574 1745 739 1805 consumite
753 1745 989 1819 viscera‘morsm

288 1836 316 1896 Ο
332 1835 510 1913 quicumque
525 1838 650 1898 subhac
663 1837 802 1897 habitatis
816 1857 898 1914 rupe,
913 1839 1033 1898 leones!

289 1928 349 1988 Sed
364 1928 459 1988 timidi
474 1939 520 1990 est
534 1939 636 2007 optare
651 1945 755 1990 necem
768 1931 991 1990 l-Velamina
1004 1930 1134 1991 Thisbes
1220 1958 1255 1995 11⁵

287 2020 389 2094 Tollit,
405 2031 436 2080 et
449 2022 488 2080 ad
501 2034 605 2100 pactae
620 2041 721 2082 secum
735 2022 792 2082 fert
806 2023 919 2083 arboris
934 2023 1068 2082 umbram
1079 2046 1088 2099 ;

288 2114 391 2189 thue
406 2114 490 2174 dedit
504 2126 591 2175 notae
606 2116 750 2190 lacrimas,
766 2115 849 2176 dedit
863 2116 974 2189 oscula,
989 2116 1073 2188 vesti,

288 2207 402 2284 Accipe
416 2227 504 2282 nunc,
519 2207 623 2284 inquit,
639 2208 732 2268 nostri
749 2226 868 2285 quoque
883 2206 1034 2286 sanguinis
1048 2209 1186 2269 haustus!

288 2300 417 2378 Quoque
432 2312 494 2363 erat
508 2303 667 2377 accinctus,
683 2302 804 2362 demisit
818 2301 849 2361 in
864 2300 913 2361 ilia
926 2302 1043 2361 serrum.

287 2397 317 2454 N
319 2414 354 2455 ec
368 2415 457 2469 mora,
473 2396 598 2455 ferventi
611 2396 741 2455 moriens
756 2413 773 2453 e
787 2396 909 2454 vulnere
923 2394 1018 2467 traxit,

288 2490 328 2548 Et
345 2489 437 2567 jacuit
450 2488 607 2565 resupinus
620 2486 702 2547 humi
715 2510 720 2546 :
741 2506 828 2546 cruor
841 2486 948 2546 emicat
962 2486 1029 2560 alte,

288 2584 359 2641 Non
374 2580 458 2641 aliter
471 2600 560 2657 quarn
575 2599 665 2657 quum
678 2580 782 2639 vitiato
795 2579 895 2639 fistula
907 2578 1031 2656 plumbo

288 2675 437 2736 Scinditur
450 2684 481 2734 et
494 2674 575 2734 tenui
589 2674 732 2734 stridente
746 2673 891 2732 foramine
904 2672 1015 2750 longas

289 2769 458 2848 Ejaculatur
471 2786 572 2844 aquas,
588 2776 677 2843 atque
690 2765 799 2827 ictibus
813 2768 882 2825 aera
895 2765 1012 2841 rumpit

289 2861 416 2921 Arborei
429 2860 506 2919 fetus
521 2860 696 2938 adspergine
710 2858 810 2918 caedis
825 2858 856 2917 in
870 2868 964 2918 atram

185 2978 187 2983 ’
254 2965 256 2969 ’
287 2947 450 3014 Vertuntur
463 2953 577 3026 faciem,
593 2952 817 3028 madefactaque
832 2951 974 3030 sanguine
988 2949 1072 3011 radix

288 3046 419 3107 Puniceo
434 3046 520 3125 tingit
533 3044 694 3123 pendentia
708 3064 791 3104 mora
804 3045 911 3104 colore.

288 3141 367 3199 Ecce
381 3149 463 3198 metu
476 3138 609 3198 nondum
623 3138 729 3216 posito,
744 3156 783 3197 ne
797 3138 880 3197 sallat
893 3146 1051 3210 amantem,

288 3233 347 3291 Illa
360 3232 444 3305 redit,
457 3232 656 3310 juvenemque
671 3230 766 3291 oculis
780 3230 938 3307 animoque
952 3228 1081 3306 requirit,

288 3326 466 3401 Quantaque
480 3323 578 3384 vitarit
592 3342 707 3383 narrare
721 3323 854 3401 pericula
865 3323 974 3402 gestit3
1218 3348 1266 3390 1³0.

288 3418 391 3495 thue
405 3417 503 3477 locum
517 3426 548 3477 et
560 3416 655 3476 visam
669 3416 809 3495 cognovit
822 3416 853 3475 in
864 3416 969 3476 arbore
981 3416 1107 3476 formam
1117 3448 1158 3460 -

289 3510 339 3572 Sic
352 3510 422 3571 iacit
435 3510 575 3571 incertam
589 3508 670 3587 pomi
684 3509 933 3583 color—haeret,
948 3528 986 3568 an
1001 3510 1075 3568 haec
1089 3508 1135 3567 sit.

289 3605 369 3663 Dum
384 3603 507 3677 dubitat,
523 3602 718 3663 tremebunda
730 3600 813 3661 videt
826 3603 942 3679 pulsare
956 3611 1111 3662 cruentum

288 3697 427 3756 Membra
441 3698 546 3771 solum,
561 3706 699 3773 retroque
712 3695 822 3773 pedem
835 3694 910 3768 tulit,
926 3713 1037 3771 oraque
1050 3694 1130 3756 buxo

289 3788 449 3849 Pallidiora
460 3807 567 3867 gerens
582 3788 731 3849 exhorruit
745 3787 883 3865 aequoris
890 3787 997 3862 instar,
1219 3809 1255 3849 xrs
