3017 4700
285 443 340 519 156
597 456 623 499 Ρ.
644 455 777 500 vinoun
799 457 941 502 manours

281 605 359 661 Tum
373 601 417 662 sic
430 601 512 662 affari
526 612 556 662 et
570 621 654 661 curas
669 601 715 661 his
729 602 849 662 demere
863 602 971 662 dictis:

256 697 261 797 l
282 695 363 770 Quid
377 705 491 755 tantum
505 695 611 755 insano
628 696 712 772 juvat
725 695 879 774 indulgere
893 694 997 769 dolori,

282 791 310 849 O
325 787 420 848 dulcis
434 790 543 864 conjux
549 791 569 941 J
583 807 646 848 uon
660 788 734 847 haec
748 787 811 846 sine
826 787 1061 848 numine-divum

283 873 447 954 Eveniunt3
466 891 548 941 nect
580 881 649 940 hinc
663 880 803 940 comitem
817 891 968 957 asportare
984 883 1129 942 Creusam

283 976 342 1033 Fas
356 984 405 1033 aut
419 973 469 1032 ille
484 973 555 1034 sinit
568 974 668 1050 superi
682 981 820 1051 regnator
834 973 962 1052 Olympi.
971 1017 1000 1041 κ

281 1069 387 1145 Longa
399 1067 453 1125 tibi
467 1067 579 1139 exsilia,
594 1076 624 1126 et
637 1076 752 1126 vastum
767 1066 856 1126 maris
870 1085 982 1142 aequor
996 1067 1148 1140 arandum,
1244 1097 1256 1123 ο

283 1161 321 1220 Et
335 1171 441 1219 terram
458 1159 638 1236 Hesperiam
652 1159 762 1231 venies
778 1158 829 1218 ubi
843 1159 956 1236 Lydius
971 1179 1040 1219 arva

283 1255 367 1313 Inter
380 1253 481 1329 opima
493 1253 588 1310 virum
602 1250 662 1310 leni
676 1251 740 1310 fluit
753 1252 871 1329 agmine
886 1252 1014 1330 Thybris
1029 1273 1035 1312 :

282 1346 348 1404 lllic
362 1365 409 1405 res
423 1346 518 1405 laetae
533 1362 714 1422 regnumque
728 1353 759 1402 et
772 1345 852 1422 regia
866 1345 981 1423 conjux

282 1438 370 1495 Parta
384 1435 445 1494 tibi.
487 1436 639 1494 Lacrimas
652 1435 780 1494 dilectae
794 1435 873 1511 pelle
888 1437 1017 1495 Creusae
1032 1457 1038 1494 :

282 1530 351 1587 Non
368 1547 424 1606 ego
439 1528 662 1606 Myrmidonum
675 1528 764 1586 sedes
780 1528 969 1604 Dolopumve
984 1529 1126 1605 superbas
1233 1543 1243 1581 a

283 1621 464 1697 Adspiciam‚
480 1630 531 1679 aut
544 1619 642 1681 Graiis
657 1620 797 1679 servitum
811 1619 1028 1693 matribus—ib0,

282 1713 441 1786 Dardanis,
457 1724 487 1772 et
501 1713 587 1772 divae
600 1713 727 1772 Veneris
742 1731 834 1773 nurus
846 1735 855 1788 3

283 1807 343 1866 Sed
357 1825 406 1865 me
420 1826 528 1884 magna
541 1807 630 1866 deum
643 1807 779 1885 genetrix
792 1806 839 1866 his
853 1807 967 1867 detinet
981 1807 1049 1866 oris.

281 1901 408 1975 Jamque
422 1900 496 1972 vale,
512 1910 542 1958 et
556 1899 618 1958 nati
631 1918 717 1959 serva
729 1900 896 1960 communis
910 1885 1049 1959 amorem.

283 1994 370 2051 Haec
384 1992 435 2050 ubi
450 1992 531 2052 dicta
544 1992 635 2065 dedit,
651 1993 855 2052 lacrimantem
870 2001 900 2052 et
914 1993 1006 2052 multa
1019 1994 1171 2066 volentem

284 2085 392 2144 Dicere
408 2085 546 2158 deseruit,
557 2097 722 2162 tenuesque
732 2086 856 2145 recessit
869 2085 900 2144 in
914 2105 1008 2145 auras·

281 2179 343 2236 Ter
356 2189 480 2238 conatus
495 2177 536 2238 ibi
549 2183 629 2238 collo
643 2179 713 2238 dare
728 2179 849 2238 brachia
863 2179 973 2238 circum
987 2201 993 2238 :

282 2271 342 2330 Ter
355 2271 463 2331 frustra
476 2291 652 2349 comprensa
665 2291 771 2330 manus
785 2271 887 2347 effugit
901 2271 1007 2348 imag0‚

283 2366 341 2423 Par
355 2366 468 2424 levibus
482 2365 578 2424 ventis
592 2366 762 2440 volucrique
777 2365 927 2424 simillima
942 2383 1057 2423 somno.

324 2458 374 2517 Sic
388 2458 509 2517 demum
523 2458 623 2517 socios
636 2466 813 2534 consumpta
827 2466 914 2515 nocte
928 2456 1033 2517 reviso.

284 2552 383 2626 Atque
397 2549 446 2610 hic
460 2550 612 2627 ingentem
626 2549 767 2609 comitum
783 2549 932 2608 affluxisse
947 2568 1091 2608 novorum

284 2643 411 2702 Invenio
425 2643 573 2701 admirans
587 2660 751 2715 numerum,
767 2654 943 2721 matresque,
959 2640 1103 2719 virosque,

284 2736 450 2794 Collectam
465 2734 568 2794 exsilio
581 2735 702 2811 pubem,
718 2734 886 2793 miserabile
900 2734 1014 2812 vulgus.

283 2827 428 2903 Undique
443 2845 619 2899 convenere,
634 2827 742 2886 animis
755 2827 922 2903 opibusque
937 2827 1039 2904 parati,

285 2922 321 2977 In
336 2938 537 2995 quascumque
551 2919 640 2978 velim
654 2920 762 2998 pelago
777 2919 924 2979 deducere
938 2930 1039 2980 terras

283 3014 409 3088 Jamque
428 3012 506 3088 jugis
521 3030 652 3071 summae
667 3013 806 3090 surgebat
819 3012 938 3075 Lucifer
952 3014 1026 3073 Idae

284 3105 481 3181 Ducebatque
495 3104 585 3177 diem,
600 3106 759 3181 Danaique
774 3106 900 3166 obsessa
909 3107 1056 3167 tenebant

202 3266 208 3277 ¹
283 3196 403 3277 Limina
416 3207 574 3274 portarum,
590 3216 647 3257 nec
661 3218 730 3275 spes
744 3199 811 3276 opis
824 3199 886 3259 ulla
901 3199 1047 3275 dabatur3

285 3290 373 3350 Cessi
387 3299 417 3349 et
431 3290 549 3352 sublato
562 3300 680 3352 montes
693 3290 828 3373 genitore
841 3291 941 3371 petivi.
