3017 4700
283 377 338 452 138
595 391 621 433 Ρ.
640 390 774 433 vrnorurr
796 389 940 432 uanonrs

237 609 240 614 Ι
280 536 409 596 Prodere
423 554 498 596 voce
512 555 566 596 sua
579 554 761 612 quemquam
776 545 827 594 aut
841 553 993 612 opponere
1007 535 1103 598 morti.
1157 535 1160 544 ’

278 628 338 686 Vix
353 626 482 702 tandem,
498 628 614 707 magnis
630 629 726 688 Ithaci
740 627 919 687 clamoribus
934 639 1025 702 actus,

280 721 459 797 Composito
474 721 583 798 rumpit
595 740 710 795 vocem,
726 731 757 781 et
770 740 818 793 me
833 719 962 781 destinat
977 725 1054 782 arae'

278 814 448 874 Adsensere
463 832 577 888 omnes,
593 825 632 889 et,
648 833 724 891 quae
739 813 795 873 sibi
810 814 938 890 quisque
950 813 1083 890 timebat,
1223 845 1259 883 130

279 905 379 967 Unius
394 906 425 965 in
439 906 537 967 miseri
552 908 672 968 exitium
687 925 832 966 conversa
846 908 946 968 tulere.

279 1003 407 1078 Jamque
422 1001 485 1060 dies
499 1000 622 1061 infanda
635 1000 738 1059 aderat
748 1021 758 1074 3
767 999 850 1083 (mihi
866 1019 949 1060 saera
962 1001 1066 1079 parari,

280 1095 319 1152 Et
334 1094 428 1154 salsae
442 1095 549 1171 fruges,
565 1105 596 1153 et
609 1093 718 1154 circum
734 1104 869 1170 tempora
882 1095 981 1156 vittae.

280 1186 390 1262 Eripui,
407 1187 508 1260 fateor,
524 1189 584 1246 leto
599 1205 655 1260 me,
672 1196 703 1246 et
713 1185 834 1246 vincula
847 1187 922 1264 rupi,

280 1279 462 1357 Limosoque
476 1281 543 1339 lacu
557 1299 610 1356 per
623 1289 743 1338 noctem
759 1281 902 1340 obscurus
917 1280 947 1338 in
961 1281 1030 1341 ulva

280 1362 402 1446 Delitui‚
418 1373 490 1432 dum
502 1374 570 1432 vela
583 1373 695 1446 darent,
711 1370 737 1432 si
750 1373 826 1433 forte
840 1373 1000 1434 dedissent.

232 1452 238 1462 ¹
280 1467 347 1525 Nec
360 1465 433 1524 mibi
445 1468 506 1542 Jam
521 1465 646 1542 patriam
661 1465 814 1542 antiquam
830 1486 899 1544 spes
913 1469 973 1526 ulla
986 1465 1117 1542 videndi,
1155 1521 1158 1526 .
1190 1499 1193 1506 ·

280 1560 347 1619 Nec
361 1559 464 1618 dulces
479 1568 567 1618 natos
582 1561 999 1636 exoptatumque'parentem3

280 1652 366 1726 Quos
380 1651 422 1710 illi
436 1653 496 1711 sors
510 1663 540 1712 et
554 1671 668 1728 poenas
683 1654 723 1713 ob
737 1663 839 1712 nostra
851 1664 1009 1730 reposcent

281 1744 404 1821 Effugia,
421 1755 451 1806 et
464 1747 583 1822 culpam
597 1746 675 1806 banc
690 1745 864 1806 miserorum
878 1757 972 1806 morte
987 1747 1119 1823 piabunt.

280 1838 372 1912 Quod
387 1848 416 1898 te
430 1830 484 1915 p'er'
498 1857 622 1916 superos
635 1851 666 1899 et
679 1839 801 1899 conscia
815 1831 937 1898 n'umina
950 1839 1020 1914 veri,

281 1934 345 2004 Per,
362 1931 387 1991 si
402 1942 527 2007 quaest,
544 1952 620 2008 quae
635 1944 725 1993 restet
739 1933 837 1992 adhuc
854 1933 1028 1992 mortalibus
1042 1951 1167 2011 usquam

280 2027 462 2084 Intemerata
475 2026 558 2099 tides
574 2045 635 2099 oro,
651 2026 791 2086 miserere
805 2027 939 2085 laborum

279 2120 453 2192 Tantorum,
468 2119 607 2180 miserere
622 2119 712 2178 animi
725 2139 788 2180 non
803 2119 894 2196 digna
907 2117 1033 2178 serentis.

271 2202 274 2207 ’
320 2211 381 2272 His
397 2211 526 2272 lacrimis
540 2212 631 2272 vitam
646 2213 760 2286 damus,
777 2222 807 2271 et
821 2212 1036 2272 miserescimus
1050 2211 1134 2273 ultro.

280 2307 351 2383 Ipse
364 2305 428 2366 viro
443 2306 555 2383 primus
568 2305 701 2366 manicas
715 2315 806 2382 atque
821 2316 883 2365 arta
897 2304 987 2365 levari

279 2398 389 2458 Vincla
399 2400 485 2477 jubet
500 2400 642 2472 Priamus,
658 2398 804 2475 dictisque
818 2398 860 2458 ita
873 2400 949 2458 fatur
963 2398 1083 2459 amicis:

281 2492 423 2567 Quisquis
438 2510 479 2565 es,
494 2492 620 2551 amissos
633 2492 778 2571 hincjam
792 2491 967 2552 obliviscere
982 2491 1108 2566 Graios3

280 2587 392 2644 Noster
405 2585 470 2658 eris,
484 2584 619 2666 ¹mihique
633 2585 709 2643 haec
722 2583 851 2645 edissere
865 2604 934 2645 vera
947 2585 1063 2661 roganti
1075 2595 1093 2643 :l

281 2678 351 2752 Quo
365 2678 476 2737 molem
490 2678 569 2737 hanc
582 2677 720 2736 immanis
734 2676 804 2753 equi
819 2680 965 2738 statuere?
986 2678 1051 2754 quis
1066 2680 1187 2737 auctor?
1223 2708 1232 2734 1

280 2771 400 2845 Quidve
414 2774 540 2848 petunt?
560 2790 637 2847 quae
651 2770 775 2847 religio?
795 2781 845 2831 aut
860 2790 936 2848 quae
950 2772 1088 2831 machina
1101 2770 1191 2832 belli?

281 2864 413 2923 Dixerat.
457 2865 522 2938 Ille,
538 2864 615 2924 dolis
629 2864 787 2925 instructus
801 2874 833 2925 et
846 2875 907 2924 arte
922 2866 1053 2942 Pelasga

280 2957 403 3018 Sustulit
417 2968 519 3017 exutas
532 2957 638 3017 vinclis
652 2959 691 3017 ad
706 2958 803 3018 sidera
816 2960 949 3035 palmas:

279 3053 353 3124 Vos,
370 3051 482 3111 aeterni
496 3052 588 3128 ignes,
604 3062 635 3111 et
647 3068 710 3111 non
723 3052 863 3112 violabile
877 3062 1006 3111 vestrum

279 3146 389 3203 Testor
402 3164 521 3218 numen,
537 3144 586 3219 ait,
602 3164 656 3204 vos
670 3164 737 3204 arae
753 3164 898 3221 ensesque
914 3143 1043 3218 nefandi,

280 3238 367 3312 Quos
381 3238 450 3314 fugi,
465 3239 616 3314 vittaeque
630 3239 728 3312 deum,
745 3258 819 3317 quas
833 3237 930 3298 hostia
943 3237 1039 3315 gessi:

281 3331 339 3389 Fas
352 3329 426 3389 mihi
441 3331 597 3391 Graiorum
611 3327 724 3391 sacrata
737 3322 886 3391 resbluere
898 3333 973 3408 jura,

279 3424 339 3482 Fas
353 3423 452 3483 odisse
467 3423 553 3497 viros,
569 3435 658 3501 atque
673 3424 774 3483 omnia
788 3425 861 3485 ferre
877 3426 932 3486 sub
948 3442 1040 3496 auras,

279 3516 311 3577 Si
325 3536 385 3593 qua
398 3527 521 3595 tegunt3
541 3527 645 3577 teneor
657 3517 770 3595 patriae
784 3536 841 3578 nec
856 3518 970 3595 legibus
984 3515 1060 3575 ullis.

280 3612 328 3669 Tu
341 3612 433 3671 modo
447 3610 600 3687 promissis
611 3630 743 3684 maneas,
760 3622 933 3687 servataque
948 3628 1045 3669 serves

280 3703 371 3781 Troja
384 3703 482 3778 fidem,
499 3703 523 3763 si
537 3723 607 3763 vera
620 3704 719 3778 seram,
736 3703 762 3763 si
775 3722 884 3781 magna
898 3702 1066 3779 rependam.
1073 3743 1120 3820 s

321 3794 428 3857 Omnis
442 3816 511 3873 spes
526 3798 665 3885 Danaum
680 3807 710 3857 et
723 3796 822 3874 coepti
837 3795 946 3874 fiducia
959 3794 1030 3856 belli
