3017 4700
321 401 358 458 26
655 412 679 456 r.
702 412 802 456 ovrnrr
824 413 958 456 Nasonis

321 563 391 619 Nox
404 558 455 621 ubi
465 570 625 645 ⁸consumta
639 561 855 643 est—Aurora
868 560 1022 642 rubescere
1037 559 1164 643 primum
1255 581 1293 619 600

320 653 517 730 Coeperat—
526 671 658 755 exsurgo,
674 651 835 756 latipesque
850 620 956 724 intdrre
970 672 1001 713 re
1020 664 1104 713 entes

320 705 489 820 Admoned,
505 754 698 824 monstroque
712 765 791 832 vqam
806 726 884 822 quae'
897 747 986 846 placat
1000 673 1038 806 ld
1052 748 1156 806 undas.

319 842 335 898 Ι
359 858 398 912 se,
414 812 486 915 quid
501 858 570 898 aura
583 805 656 897 inihi
671 839 785 937 tumulo
798 839 950 915 promittat
964 840 1002 899 ab
1016 805 1078 902 aito

319 859 481 1035 Pl‘ds‘fridip,
489 902 680 1084 'comipesique
689 951 772 1032 „vopo
786 902 949 1038 repelpque
963 902 1101 1034 caliinam

318 1025 469 1085 Adsumus
483 1029 538 1094 en!
560 1024 569 1083 i
593 1024 657 1102 quit
671 1023 819 1084 sociorum
833 1025 945 1102 primus
959 1027 1112 1104 Opheltes,
1254 1048 1291 1096 ⁶05

319 1120 421 1194 thue
435 1099 527 1194 pdtat,
543 1097 684 1194 praldam
699 1083 823 1178 ddsertol
830 1131 936 1180 nactus
949 1092 989 1181 inl
995 1140 1073 1198 agro,

317 1211 459 1288 Virginea
472 1230 595 1287 puerum
609 1211 691 1271 ducit
705 1215 758 1289 pe'r
771 1211 858 1273 litora
871 1216 972 1274 forma.
1043 1269 1045 1286 ,
1091 1255 1111 1288 ,

318 1306 382 1378 Ille,
398 1323 479 1363 mero
495 1323 659 1381 somnoque
673 1305 776 1382 gravis,
793 1306 919 1368 titubare
932 1308 1055 1383 videtur,

317 1397 434 1473 Vixque
449 1396 540 1474 sequi.
576 1399 693 1474 ¹Specto
707 1399 819 1459 cultum
833 1401 999 1478 faciemque
1012 1402 1216 1480 gradumque:

318 1491 369 1551 Nil
384 1489 432 1563 ibi,
449 1491 530 1566 quod
545 1491 626 1550 credi
640 1504 742 1568 posset
756 1495 888 1568 mortale,
904 1494 1063 1569 videbam3
1252 1513 1292 1551 610

319 1587 356 1645 Et
371 1583 457 1657 sensi,
474 1594 503 1643 et
518 1583 578 1643 dixi
593 1585 700 1645 sociis:
722 1589 813 1663 Quod
828 1607 939 1648 numen
952 1588 983 1647 in
998 1589 1056 1649 isto

318 1679 450 1755 Corpore
465 1676 510 1750 sit,
526 1677 630 1738 dubito
642 1700 650 1754 ;
671 1681 724 1740 sed
739 1700 862 1758 corpore
876 1701 986 1741 numen
1000 1681 1031 1740 iu
1046 1681 1103 1741 isto
1117 1693 1170 1742 est
1274 1722 1276 1725 -

304 1770 460 1847 Quisquis
476 1789 516 1844 eS,
532 1790 551 1830 o
565 1772 665 1832 faveas
679 1773 845 1850 nostrisque
860 1775 1010 1835 laboribus
1025 1775 1123 1848 adsis3

317 1864 377 1924 His
392 1883 511 1942 quoque
526 1865 580 1924 des
594 1866 711 1926 veniam
722 1871 728 1926 l
738 1870 846 1927 —Pro
860 1867 947 1927 nobis
962 1867 1046 1927 mitte
1059 1867 1191 1944 precarii

318 1958 423 2036 Dictys
437 1957 486 2032 ait,
504 1945 640 2034 quo'non
655 1961 730 2019 alius
745 1962 946 2021 conscendere
961 1977 1092 2020 summas
1253 1977 1290 2026 εις

317 2051 409 2112 Ocior
423 2063 576 2126 antennas,
592 2071 760 2129 prensoque
774 2054 899 2112 rudente
913 2053 1012 2113 relabi.

317 2147 389 2205 Hoc
404 2145 503 2222 Libys,
519 2146 577 2205 hoc
592 2143 693 2220 flavus,
710 2164 814 2222 prorae
831 2148 931 2220 tutela,
948 2147 1129 2220 Melanthus,

318 2240 389 2298 Hoc
402 2240 509 2315 probat
523 2238 700 2299 Alcimedon
716 2249 754 2312 et,
771 2239 821 2315 qui
835 2239 1025 2315 requiemque
1041 2240 1222 2316 modumque

316 2333 400 2392 Voce
415 2333 506 2393 dabat
520 2331 616 2407 remis,
632 2332 797 2392 animorum
811 2332 943 2392 hortator
957 2334 1106 2409 Epopeus

317 2427 389 2485 Hoc
404 2444 508 2487 omnes
524 2424 580 2485 alii.
626 2426 757 2485 Praedae
772 2436 833 2485 tam
848 2444 938 2484 caeca
953 2424 1064 2501 cupido
1078 2434 1130 2485 est
1251 2444 1291 2483 ⁶20
1378 2485 1381 2490 ,

317 2520 388 2577 Non
403 2528 503 2577 tamen
517 2519 595 2578 hanc
611 2537 694 2577 sacro
707 2516 811 2577 violari
825 2518 958 2593 pondere
972 2517 1075 2594 pinum

317 2610 475 2687 Perpetiar‚
492 2610 572 2670 dixi:
592 2629 660 2687 pars
674 2610 722 2670 hic
737 2609 809 2668 mihi
823 2609 952 2669 maxima
963 2609 1043 2686 juris.

318 2706 414 2780 Inque
430 2703 511 2763 aditu
527 2702 647 2763 obsisto,
692 2702 774 2762 Furit
788 2702 1000 2763 audacissimus
1015 2703 1097 2763 omni

266 2792 268 2799 ’
317 2798 365 2856 De
379 2815 503 2855 numero
518 2798 662 2874 Lycabas,
679 2795 730 2874 qui
744 2798 844 2855 Tusca
856 2797 958 2873 pulsus
973 2798 1011 2857 ab
1025 2798 1098 2858 urbe

318 2889 460 2961 Exsilium
475 2888 538 2948 dira
552 2907 681 2965 poenam
694 2907 749 2965 pro
761 2890 855 2950 caede
870 2891 978 2949 luebat
1016 2961 1018 2966 X
1117 2932 1121 2939 ι

318 2985 349 3041 Is
363 2981 444 3056 mihi,
461 2983 533 3042 dum
548 2992 635 3055 resto,
649 2980 773 3058 juvenili
786 2992 904 3059 guttura
917 3002 1019 3059 pugno

318 3074 430 3152 Rupit,
451 3085 480 3135 et
495 3094 651 3135 excussum
665 3074 793 3135 misisset
806 3074 837 3134 in
852 3094 988 3152 aequora,
1005 3076 1105 3136 sinon
1171 3095 1173 3098 ·

318 3167 500 3244 Haesissem,
516 3166 651 3245 quamvis
666 3184 777 3243 amens,
792 3167 824 3227 in
839 3169 908 3228 fune
922 3179 1061 3229 retentus.

318 3260 416 3337 Impia
430 3263 516 3327 turba
529 3262 637 3337 probat
650 3262 769 3321 sactum.
812 3263 890 3319 Tum
905 3261 1035 3338 denique
1050 3262 1233 3323 Bacchus-

317 3354 451 3414 Bacchus
466 3352 546 3413 enim
560 3354 802 3413 fuerat—veluti
815 3355 945 3414 clamore
960 3356 1072 3414 solutus
1254 3373 1292 3423 630

317 3446 360 3507 Sit
375 3464 464 3523 sopor
478 3466 651 3523 aquemero
665 3448 789 3507 redeant
803 3446 834 3505 iu
849 3459 970 3524 pectora
984 3466 1097 3521 sensus,

317 3539 399 3615 Quid
412 3539 529 3599 facitis-l
570 3539 645 3615 Quis
660 3541 791 3600 clamor?
812 3540 861 3613 ait,
877 3542 954 3616 Qua,
970 3540 1068 3614 dicite,
1083 3552 1200 3616 nautae,

318 3635 388 3693 Huc
403 3652 461 3710 ope
475 3631 617 3709 perveni?
658 3634 728 3708 Quo
741 3653 790 3693 me
805 3634 917 3694 deferre
931 3633 1040 3710 paratis
1049 3636 1109 3693 t—

318 3728 401 3785 Pone
416 3735 536 3799 metum,
553 3728 686 3800 Proreus,
703 3736 733 3786 et
746 3746 821 3803 quos
835 3726 1007 3804 contingere
1021 3737 1122 3804 portus

319 3819 383 3881 Ede
398 3819 478 3894 velis,
495 3818 588 3879 dixit:
608 3829 685 3880 terra
699 3819 801 3881 sistere
815 3818 915 3898 petita
1219 3839 1222 3841 ’
1254 3838 1291 3887 ⁶³⁵
