3017 4700
290 357 331 427 '4²
628 370 654 411 Ρ.
676 369 780 426 ovum
801 370 934 414 ursonis

296 513 364 574 Exit
379 513 409 573 in
424 513 575 578 aetherias
620 514 669 575 Ibi
683 525 748 576 toto
762 516 864 577 nubila
876 518 959 577 vultu

294 609 375 667 Ante
389 610 494 685 Jovem
509 608 603 686 passis
618 607 700 669 stetit
714 608 860 670 invidiosa
873 609 995 687 capillis,

297 702 414 776 Proque
429 720 496 760 meo
511 701 579 761 veni
594 703 719 780 supplex
733 700 796 776 tibi,
809 702 933 780 Jupiter,
948 702 1051 780 inquit,

296 791 452 870 Sanguine,
468 813 582 870 proque
598 804 657 854 tuo.
702 794 733 855 Si
747 796 830 855 nulla
843 806 889 856 est
901 795 994 872 gratia
1006 795 1117 869 matris

297 888 376 945 Nata
389 897 503 963 patrem
517 898 644 962 moveat,
660 907 719 948 neu
734 887 773 948 sit
787 888 840 948 tibi
854 909 932 963 cura,
947 908 1110 966 precamur,

296 977 391 1038 Vilior
405 978 491 1053 illius,
508 980 590 1056 quod
604 991 707 1040 nostro
722 991 769 1040 est
782 981 862 1041 edita
875 993 968 1058 partu

297 1073 345 1132 En
359 1071 492 1148 quaesita
506 1073 556 1132 diu
571 1074 692 1132 tandem
706 1074 779 1133 mihi
793 1085 862 1134 nata
876 1085 990 1152 reperta
1004 1085 1050 1134 est
1058 1095 1069 1149 ;

299 1164 329 1224 Si
344 1165 470 1242 reperire
484 1185 574 1226 vocas
589 1165 722 1226 amittere
737 1167 853 1241 certius,
868 1177 919 1227 aut
932 1166 958 1227 si

299 1257 378 1318 Scire
392 1258 444 1317 ubi
459 1259 496 1318 sit
510 1258 635 1335 reperire
648 1278 747 1347 vocas.
791 1260 882 1336 Quod
895 1271 987 1337 rapta,
1002 1249 1146 1334 feremus}
1244 1290 1270 1316 ω

191 1353 192 1356 ’
298 1351 472 1411 Dummodo
486 1352 591 1418 reddat
606 1371 691 1412 eam:
710 1353 901 1430 nequeenim
918 1354 1069 1430 praedone
1083 1353 1189 1412 marito

298 1442 373 1503 Filia
387 1443 477 1521 digna
491 1455 542 1504 tua
556 1456 610 1518 est,
626 1446 652 1505 si
664 1447 726 1522 jam
740 1465 808 1506 mea
820 1446 881 1507 filia
893 1466 956 1506 non
970 1458 1022 1507 est.

297 1537 412 1614 Jupiter
426 1536 560 1614 excepit:
582 1540 748 1599 Commune
764 1549 809 1598 est
821 1531 927 1616 pignus
942 1557 1078 1616 onusque

298 1632 378 1688 Nata
391 1629 462 1688 mihi
477 1640 596 1706 tecum,
616 1632 678 1705 sed,
695 1631 720 1691 si
734 1632 825 1691 modo
838 1632 961 1692 nomina
973 1632 1061 1692 rebus
1110 1681 1113 1687 .

297 1723 418 1782 Addere
431 1742 500 1783 vera
510 1725 616 1801 placet,
632 1744 693 1784 non
709 1726 767 1783 hoc
780 1724 885 1800 injuria
898 1726 1017 1798 factum,

297 1817 409 1874 Verum
423 1834 506 1876 amor
520 1827 583 1892 est,
603 1837 701 1894 neque
715 1816 770 1877 erit
782 1817 869 1877 nobis
882 1837 972 1894 gener
985 1817 1035 1878 ille
1048 1817 1175 1895 pudori:
1249 1802 1252 1814 s

298 1909 347 1968 Tu
360 1909 461 1983 modo,
478 1909 553 1985 diva,
569 1911 650 1971 velis.
693 1913 738 1972 Ut
752 1910 849 1971 desint
865 1921 971 1985 cetera,
987 1921 1130 1987 quantum
1145 1921 1190 1969 est

300 2003 375 2061 Esse
390 2002 472 2080 Jovis
486 2003 621 2063 fratrem!
664 2004 753 2079 Quid,
770 2004 850 2081 quod
864 2023 925 2064 non
940 2014 1038 2064 cetera
1052 2004 1168 2076 desunt,

267 2153 270 2160 Α
299 2097 364 2154 Nee
379 2094 459 2154 cedit
473 2095 529 2155 nisi
544 2107 621 2157 sorte
635 2096 777 2157 mihit-
786 2098 845 2157 Sed
860 2106 943 2157 tanta
956 2097 1067 2172 cupido

298 2187 328 2247 Si
343 2186 396 2247 tibi
411 2187 527 2248 discidii
542 2198 594 2262 es't,
606 2199 721 2266 repetet
735 2189 912 2266 Proserpina
924 2190 1061 2248 coelum:

298 2282 379 2361 Lege
394 2290 494 2341 tamen
509 2293 596 2357 certa,
613 2281 637 2340 si
651 2282 748 2342 nullos
763 2281 885 2360 contigit
899 2281 958 2342 illic

298 2375 359 2435 Ore
373 2374 458 2435 cibos
472 2398 477 2435 :
499 2394 567 2434 nam
583 2374 626 2434 sic
641 2377 798 2434 Parcarum
812 2376 931 2435 foedere
944 2387 1064 2436 cautum
1078 2386 1133 2437 est

300 2468 446 2541 Dixerat,
467 2478 497 2526 at
512 2466 611 2529 Cereri
626 2476 737 2527 certum
752 2478 798 2526 est
811 2467 936 2527 educere
950 2479 1058 2529 natam.
1073 2464 1076 2470 ’

299 2562 370 2619 Non
385 2558 425 2619 ita
439 2562 499 2619 sata
513 2559 620 2632 sinunt,
636 2558 776 2635 quoniam
787 2559 900 2638 Jejunia
912 2559 995 2637 virgo

301 2653 434 2712 Solverat
449 2663 486 2726 et,
502 2652 587 2711 cultis
602 2651 673 2710 dum
688 2652 813 2728 simplex
827 2662 902 2711 errat
915 2651 950 2711 in
960 2653 1062 2728 horus,

300 2744 464 2805 Puniceum
479 2764 568 2805 curva
582 2745 769 2821 decerpserat
783 2746 885 2804 arbore
899 2764 1031 2822 pomum,

301 2840 463 2914 Sumtaque
477 2836 600 2915 pallenti
615 2847 728 2914 septem
743 2837 781 2896 de
795 2836 903 2898 cortice
917 2857 1008 2915 grana

302 2930 451 2989 Presserat
465 2947 516 2989 ore
531 2948 593 2989 suo,
638 2930 783 3006 Solusque
797 2950 835 2990 ex
848 2930 987 2990 omnibus
1002 2929 1074 2989 illud

301 3022 487 3098 Ascalaphus
501 3020 622 3081 vidit-
631 3041 719 3098 quem
734 3023 886 3099 quondam
901 3022 1006 3082 dicitur
1020 3021 1151 3099 Orphne,

302 3116 385 3173 Inter
399 3115 560 3173 Avernales
574 3115 653 3174 haud
668 3114 852 3191 ignotissima
865 3114 1030 3191 Nymphas,

302 3208 348 3266 Ex
363 3207 532 3266 Acheronte
548 3225 601 3265 suo
615 3207 703 3267 survIs
716 3206 866 3285 peperisse
881 3209 936 3266 sub
950 3207 1090 3267 antris-

300 3298 385 3358 Vidit
399 3309 428 3358 et
442 3298 552 3358 indicio
566 3298 692 3359 reditum
706 3299 833 3360 crudelis
848 3298 966 3387 ademit.

302 3390 451 3469 Ingemuit
464 3390 567 3469 regina
581 3391 678 3465 Erebi,
694 3402 861 3468 testemque
875 3392 1029 3469 profanam

302 3484 385 3544 Fecit
399 3504 492 3558 avem,
508 3503 699 3561 sparsumque
714 3494 804 3562 caput
818 3484 1067 3563 Phlegethontide
1081 3466 1201 3565 lympha

303 3579 340 3637 In
355 3586 480 3636 rostrum
495 3587 524 3636 et
535 3578 653 3653 plumas
669 3587 698 3638 et
711 3576 835 3654 grandia
848 3576 960 3636 lumina
972 3576 1065 3637 vertit
1235 3607 1273 3648 ⁵4⁵

303 3670 359 3729 Ille
374 3668 429 3729 sibi
444 3662 557 3729 ablatus
571 3668 805 3733 fulvisamicitur
818 3671 856 3729 ab
871 3668 933 3741 alis,

304 3764 399 3840 Inque
413 3771 501 3839 caput
515 3761 618 3823 crescit
632 3764 796 3841 longosque
810 3760 970 3823 reflectitur
982 3781 1102 3840 ungues,
