3017 4700
532 406 739 452 MBTAMORPH.
763 408 822 450 LlB.
846 407 890 454 111.

225 557 304 616 Tota
317 562 428 630 patent,
444 550 564 628 imoque
578 553 671 640 pedes
685 552 716 613 in
730 551 863 630 margine
877 560 1015 629 ponunt.¹

225 648 356 708 Territus
370 647 455 706 hoste
469 663 550 705 novo
565 645 696 706 Cadmus
710 664 817 722 capere
831 664 912 705 arma
925 645 1066 722 parabat:
1162 671 1184 698 n

225 743 274 800 Ne
289 759 371 817 cape,
386 740 424 800 de
438 739 551 816 populo
566 756 654 813 quem
669 747 745 802 terra
758 748 908 801 creaverat
921 757 1015 798 unus·

226 835 387 906 Exclamat,
404 850 460 891 nec
475 841 504 892 te
519 829 653 890 civilibus
667 829 763 891 insere
776 830 880 894 bellis!
932 867 937 900 3

226 928 324 1002 Atque
339 926 380 984 ita
394 923 544 1001 terrigenis
558 922 652 1000 rigido
667 923 704 984 de
718 923 855 990 fratribus
868 940 961 983 unum

225 1018 369 1080 Cominus
383 1037 454 1085 ense
467 1017 554 1092 ferit,
572 1017 672 1093 jaculo
686 1015 766 1076 cadit
780 1016 895 1076 eminus
909 1017 990 1103 ipse.v
1006 1039 1010 1047 ·

225 1111 287 1171 Hic
301 1108 429 1188 quoque,
446 1111 496 1188 qui
511 1111 632 1172 dederat
646 1111 715 1183 leto,
731 1128 795 1168 non
808 1109 924 1188 longius
937 1110 989 1169 illo

224 1204 313 1278 Vivit,
330 1215 358 1265 et
373 1204 507 1281 exspirat,
524 1205 615 1264 modo
629 1222 703 1280 quas
717 1213 880 1279 acceperat,
893 1201 998 1277 auras3

202 1339 208 1352 ,
225 1299 429 1375 Exemploque
443 1297 506 1374 pari
520 1297 587 1357 furit
601 1297 697 1358 omnis
712 1298 806 1371 turba,
821 1315 935 1373 suoque

225 1393 322 1451 Marte
336 1392 447 1451 cadunt
460 1389 549 1450 subiti
562 1409 615 1468 per
628 1400 730 1452 mutua
743 1391 865 1450 vulnera
877 1389 987 1450 fratres

222 1485 349 1561 Jamque
364 1483 460 1544 brevis
474 1483 551 1545 vitae
566 1483 693 1560 spatium
707 1482 810 1562 sortita
820 1485 959 1560 juventus
1064 1545 1070 1554 ,

223 1577 419 1654 Sanguineam
434 1577 549 1654 trepido
563 1578 743 1654 plangebant
757 1588 876 1654 pectore
890 1587 1023 1651 matrem,

224 1670 363 1747 Quinque
378 1670 596 1747 superstitibus,¹
606 1689 736 1747 quorum·
745 1670 801 1730 fuit
813 1690 890 1731 unus
905 1669 1029 1734 Echion.

224 1765 255 1822 Is
270 1782 322 1822 sua
333 1763 406 1839 jecit
420 1763 502 1822 humi
516 1763 630 1824 monitu
644 1763 807 1824 Tritonidis
821 1783 911 1837 arma,

223 1858 439 1932 Fratemaeque
454 1855 640 1932 fidem-pacis
654 1855 798 1934 petiitque
808 1856 962 1932 deditque.

223 1951 292 2009 Hos
307 1949 403 2026 operis
417 1948 541 2010 comites
555 1948 658 2011 habuit
672 1949 811 2010 Sidonius
825 1951 943 2027 hospes,

59 2087 63 2108 .
144 2063 149 2074 ’
223 2045 324 2120 Quum
338 2043 438 2120 posuit
449 2044 562 2119 jussam
578 2043 725 2132 Phoebeis
740 2044 870 2110 sortibus
883 2042 996 2103 urbem.

324 2145 340 2176 *ff
479 2145 495 2176 *ff
636 2145 653 2176 ἱ
794 2145 810 2176 ᾖ
951 2146 968 2177 ⁴1·
989 2153 993 2160 '

223 2227 279 2288 Ille
294 2237 373 2288 metu
386 2246 504 2301 vacuus,
520 2229 641 2288 Nomen
656 2227 735 2302 mihi,
752 2227 833 2302 dixit,
849 2231 988 2302 Acoetes,

223 2319 321 2381 Patria
334 2319 476 2381 Maeonia
490 2331 542 2394 est,
558 2320 661 2380 humili
675 2321 713 2381 de
727 2321 815 2399 plebe
829 2331 974 2399 parentes

223 2415 293 2473 Non
308 2413 388 2487 mihi,
405 2433 481 2490 quae
496 2413 560 2475 duri
575 2416 821 2491 colerentpater,
837 2434 907 2475 arva
917 2414 1046 2492 juvenci,

221 2506 419 2584 Lanigerosve
433 2526 543 2585 greges,
560 2526 621 2567 non
636 2508 696 2567 ulla
710 2518 843 2569 armenta
856 2509 991 2586 reliquit:

221 2602 337 2677 Pauper
350 2610 380 2659 et
393 2599 456 2676 ipse
471 2599 532 2674 luit,
548 2600 669 2677 linoque
682 2602 799 2661 solebat
813 2612 843 2663 et
856 2602 953 2662 hamis

221 2693 368 2770 Decipere
383 2694 541 2755 et'calamo
555 2693 693 2755 salientes
707 2695 816 2755 ducere
829 2694 947 2771 pisces;

221 2789 278 2846 Ars
293 2786 402 2845 illisua
415 2804 522 2848 census
536 2797 605 2847 erat
649 2788 750 2863 Quum
763 2788 892 2849 traderet
905 2799 1007 2862 artem,

220 2879 333 2957 Accipe
349 2898 422 2955 quas
436 2879 542 2952 habeo,
558 2879 646 2941 studii
662 2899 814 2945 successor
827 2892 857 2941 et
871 2882 964 2954 heres,

121 2968 125 2975 ’
220 2972 312 3045 Dixit,
329 2991 410 3048 opes,
426 2972 614 3051 moriensque
627 2972 700 3033 mihi
714 2972 788 3036 nihil
801 2974 855 3033 ille
865 2974 982 3050 reliquit
1156 3001 1193 3045 ,φ

220 3068 341 3125 Praeter
354 3084 464 3141 aquas:
484 3085 577 3129 unum
591 3066 649 3125 hoc
663 3084 787 3142 possum
802 3068 950 3145 appellare
964 3078 1128 3145 paternum.

220 3160 296 3218 Mox
310 3177 375 3235 ego,
390 3177 428 3217 ne
443 3157 573 3235 scopulis
587 3160 737 3224 haererem
752 3179 868 3249 semper
881 3161 913 3219 in
926 3160 1030 3235 isdem,

218 3244 359 3311 Addididi
373 3250 502 3328 regimen
517 3253 627 3313 dextra·
634 3253 808 3319 moderante
821 3253 939 3317 carinae

219 3346 361 3418 Flectere,
377 3356 407 3404 et
422 3344 547 3409 Oleniae
561 3344 642 3409 sidus
656 3346 786 3424 pluviale
800 3348 943 3424 Capellae

218 3438 430 3515 Taygetenque
445 3438 630 3515 Hyadesque
645 3438 738 3503 oculis
752 3442 927 3526 Arctonque
940 3440 1050 3515 notari,
1156 3466 1192 3506 sos

218 3532 441 3606 Ventorumque
456 3530 611 3593 domoset
620 3542 724 3608 portus
737 3532 887 3610 puppibus
900 3544 996 3611 aptos
1041 3558 1043 3564 ¹

218 3623 307 3682 Forte
320 3632 428 3699 petens
441 3624 550 3697 Delon,
565 3624 659 3685 Chiae
673 3625 785 3691 telluris
798 3626 917 3687 adoras

218 3715 371 3792 Applicor,
385 3726 416 3779 et
424 3716 540 3779 ,dextris
554 3716 687 3779 adducor
700 3717 787 3779 litora
798 3719 898 3793 remis,

218 3809 327 3884 Doque
341 3808 421 3871 leves
436 3810 525 3871 saltus
539 3811 675 3887 udaeque
689 3810 832 3881 immittor
845 3831 959 3883 arenae.
