3017 4700
584 417 742 462 sermons
763 417 821 462 rra.
840 418 881 462 vr.
1150 421 1217 479 ⁴243

161 549 165 558 ¹
250 565 463 641 Romanosque
476 572 553 623 tuos.
596 561 658 624 Hic
673 565 784 624 Caesar
797 573 827 624 et
841 563 938 625 omnis
952 563 1011 624 Iuli

250 658 419 735 Progenies,
434 675 574 734 magnum
587 656 665 718 coeli
678 667 802 716 ventura
815 658 870 718 sub
885 677 978 718 axem.
1183 687 1220 725 ⁷90

249 751 311 810 Hic
325 749 375 824 vir,
389 749 440 810 hic
453 760 507 824 est,
522 749 576 809 tibi
589 768 679 826 quem
692 748 825 827 promitti
840 750 957 828 saepius
970 750 1064 824 audis,

249 847 400 920 Augustus
414 845 533 916 Caesar,
548 841 619 902 Divi
632 861 735 919 genus,
750 862 840 904 aurea
854 844 965 905 condet

176 931 179 935 ’
248 937 372 997 Saecula
385 935 436 1013 qui
449 955 547 996 rursus
562 927 649 996 Latio
662 946 788 1013 regnata
798 957 852 1014 per
864 957 933 998 arva

249 1032 376 1091 Saturno
390 1029 552 1107 quondam,
567 1047 655 1106 super
668 1038 698 1089 et
711 1030 907 1090 Garamantas
921 1041 953 1090 et
965 1029 1060 1116 Indos

249 1125 381 1186 Proferet
394 1123 568 1201 imperium5
586 1116 667 1200 jac'et
680 1123 874 1184 extrasidera
887 1125 983 1199 tellus,

249 1220 340 1279 Extra
353 1216 423 1277 anni
437 1218 568 1294 solisque
581 1217 653 1291 vias,
668 1215 719 1277 nbi
733 1216 854 1276 coeliser
867 1219 954 1278 Atlas

250 1314 347 1371 Axem
359 1312 483 1371 humero
497 1319 616 1386 torquet
628 1308 722 1370 stellis
734 1310 907 1372 ardentibus
920 1321 1029 1388 aptum

250 1406 350 1482 Hujus
364 1403 394 1462 in
408 1404 570 1464 adventum
581 1404 644 1480 jam
657 1413 784 1464 nuncet
798 1403 908 1481 Caspia
920 1422 1011 1482 regna

249 1498 413 1574 Responsis
427 1497 548 1556 horrent
559 1495 663 1562 ,divum
677 1508 708 1558 et
721 1496 855 1558 Maeotia
868 1498 964 1572 tellus,

249 1593 288 1650 Et
301 1588 525 1668 septemgemini
537 1591 659 1651 turbant
672 1591 788 1668 trepida
801 1589 878 1652 ostia
892 1589 963 1650 Nili.

249 1687 315 1745 Nec
329 1703 399 1744 vero
412 1683 536 1744 Areias
548 1694 664 1744 rantum
677 1685 790 1745 tenuris
805 1683 906 1758 obivit,
982 1660 1013 1769 A,
1033 1722 1048 1759 q
1091 1729 1122 1779 μ
1143 1725 1154 1770 ὲ,
1194 1703 1197 1712 2

248 1777 358 1838 Fixerit
372 1777 540 1854 aeripedem
553 1797 672 1838 cervam
687 1777 765 1851 licet,
781 1787 832 1837 aut
845 1771 1038 1855 Erymanthi
1165 1763 1169 1783 ¹

249 1870 364 1931 Pacarit
378 1889 508 1944 nemora,
520 1881 554 1930 et
568 1872 696 1930 lernam
709 1869 904 1930 tremefecerit
911 1889 988 1930 *arcu
998 1892 1008 1944 ;

249 1966 324 2037 Nec,
339 1963 391 2040 qui
404 1962 570 2040 pampineis
582 1962 679 2022 victor
688 1964 760 2042 juga
773 1964 866 2024 flectit
877 1962 1011 2038 habenis,
1036 1947 1038 1960 ’

249 2056 347 2130 Liber,
362 2075 453 2132 agens
466 2055 549 2115 celso
563 2057 663 2132 Nysae
678 2055 716 2116 de
729 2056 840 2116 vertice
854 2055 951 2133 tigres.

249 2151 288 2208 Et
303 2148 472 2208 dubitamus
487 2148 585 2209 adhuc
597 2146 734 2208 virtutem
748 2149 909 2208 extendere
922 2147 1016 2221 factis,
1073 2175 1076 2180 ·

250 2245 312 2302 Aut
325 2252 421 2301 metus
436 2240 570 2301 Ausonia
583 2241 899 2317 prohibetconsistere
908 2243 1008 2302 :terrai

249 2334 325 2412 Quis
338 2335 441 2413 procul
455 2335 504 2395 ille
519 2345 618 2395 autem
630 2334 720 2398 ramis
733 2333 857 2413 insignis
872 2335 969 2396 olivae

248 2431 337 2489 Sacra
350 2430 465 2489 serens?
505 2429 609 2487 Nosco
614 2427 718 2488 crines
731 2427 899 2505 incanaque
911 2438 1014 2489 menta

249 2521 342 2601 Regis
357 2520 494 2594 Romani,
509 2519 635 2597 primam
648 2519 700 2597 qui
712 2520 827 2598 legibus
840 2522 944 2581 urbem

249 2613 407 2688 Fundabit,
424 2614 551 2675 Curibus
565 2614 664 2691 parvis
678 2626 709 2676 et
721 2633 852 2693 paupere
866 2624 943 2675 terra

199 2715 204 2722 '
250 2708 359 2768 Missus
373 2707 404 2767 in
418 2706 574 2784 imperium
586 2726 734 2785 magnum.
779 2708 835 2769 Cui
849 2706 960 2768 deinde
973 2704 1091 2779 subibit,

249 2800 320 2862 Otia
334 2800 385 2877 qui
399 2810 515 2877 mmpet
528 2801 640 2877 patriae
654 2800 829 2879 residesque
842 2799 975 2861 movebit

249 2894 353 2954 Tullus
367 2893 398 2952 in
412 2912 494 2953 arma
506 2893 585 2953 viros
598 2895 703 2975 etjam
716 2895 841 2956 desueta
853 2892 1009 2973 triumphis

250 2987 386 3065 Agmina.
406 3010 409 3015 ·
429 2988 528 3063 Quem
539 2989 624 3064 imita
637 2987 772 3065 sequitur
783 2988 942 3066 jactantior
956 2990 1068 3060 Ancus,
1185 3002 1221 3052 81⁵

250 3082 339 3141 Nunc
353 3099 472 3157 quoque
483 3080 545 3159 jam
558 3080 682 3141 nimbrm
696 3080 831 3158 gaudem
845 3080 1037 3159 popularibus
1052 3076 1137 3140 auris.
1167 3128 1169 3133 .

249 3174 304 3234 Vis
318 3183 348 3234 et
361 3173 538 3250 Tarquinios
551 3193 646 3253 reges,
660 3174 849 3251 anirnamque
864 3176 1023 3252 superbam

251 3268 365 3328 Ultoris
379 3265 469 3341 Bruti,
484 3268 638 3344 fascesque
651 3266 751 3327 videre
765 3270 922 3345 receptos?

251 3360 389 3422 Consulis
403 3360 558 3437 imperium
572 3359 621 3420 hic
634 3360 746 3437 primus
760 3378 922 3437 saevasque
936 3378 1053 3420 secures

249 3453 394 3532 Accipiet,
410 3454 838 3530 natosquepaternovabella
851 3463 1005 3515 moventes
1186 3468 1223 3511 ao

250 3548 299 3607 Ad
313 3546 579 3625 poenampulchra
591 3564 648 3623 pro
661 3544 938 3621 libertatevocabit,
1050 3572 1056 3585 ·
1173 3576 1177 3585 ¹
1235 3602 1238 3611 .

250 3639 375 3700 Infelix!
418 3641 590 3727 Uthmque
603 3638 840 3699 serenteafacta
851 3640 993 3712 minores,
1041 3647 1086 3684 ΜΛ
1159 3688 1162 3695 .

230 3732 358 3817 'Vincet
372 3751 456 3792 amor
468 3731 584 3809 patriae
593 3730 775 3808 laudmnque
787 3731 934 3793 immensa
948 3730 1066 3807 cupido.
1122 3755 1164 3817 »ἢ
1184 3772 1201 3805 p
1251 3776 1255 3783 .

250 3825 330 3902 Quin
346 3824 456 3885 Decios
472 3826 647 3901 Drusosque
660 3825 764 3902 procul
778 3843 958 3903 saevumque
972 3822 1068 3885 securi
1155 3825 1161 3845 '
1189 3820 1198 3887 ’,
