3017 4700
288 384 341 439 162
599 395 626 438 r.
644 395 777 438 vrrromn
800 395 941 440 unnours

285 540 437 602 Anchisen
453 541 529 600 facio
545 550 665 615 certum,
680 561 801 618 remque
816 541 920 602 ordine
934 539 1042 619 pando.

285 633 415 711 Agnovit
429 635 544 712 prolem
558 630 726 711 ambiguam
739 635 934 712 geminosque
947 644 1094 713 parentes,
1222 654 1258 692 180

284 730 380 803 Seque
394 747 474 787 novo
488 738 619 809 veterum
634 728 793 804 deceptum
808 747 903 788 errore
917 728 1058 788 locorum.

283 823 361 879 Tum
375 831 536 880 memorat:
558 822 644 894 Nate,
662 819 761 880 Iliacis
776 821 902 880 exercite
916 821 991 895 satis,

285 915 356 974 Sola
369 913 442 972 mihi
456 914 529 974 tales
544 932 629 974 casus
644 914 815 975 Cassandra
828 915 962 974 canebat.

284 1010 372 1066 Nunc
387 1017 490 1083 repeto
504 1007 579 1082 haec
592 1005 692 1083 generi
706 1007 883 1082 portendere
898 1008 999 1067 debita
1013 1017 1123 1080 nostro,

256 1174 261 1184 ἱ
284 1102 322 1159 Et
337 1119 426 1177 saepe
442 1099 629 1175 Hesperiam,
645 1118 734 1175 saepe
750 1101 827 1159 Itala
841 1119 931 1177 regna
944 1119 1060 1160 vocare.
1222 1119 1256 1165 185

283 1192 342 1254 Sed
356 1193 422 1269 quis
437 1192 475 1251 ad
491 1191 656 1269 Hesperiae
670 1201 810 1252 venturos
824 1193 910 1254 litora
924 1195 1057 1253 Teucros

284 1287 445 1347 Crederet?
465 1296 516 1344 aut
531 1304 619 1361 quem
633 1294 696 1347 tum
710 1297 793 1353 vates
809 1287 977 1347 Cassandra
990 1288 1141 1345 moveret?

283 1379 433 1438 Cedamus
448 1377 580 1452 Phoebo,
597 1388 626 1437 et
640 1377 746 1438 moniti
761 1379 884 1439 meliora
898 1399 1062 1456 sequamur.
1128 1415 1138 1442 ,ι

284 1471 333 1531 Sic
347 1470 408 1545 ait,
429 1481 459 1530 et
473 1470 572 1531 cuncti
587 1471 667 1531 dicto
682 1491 820 1548 paremus
835 1483 964 1532 ovantes.

284 1566 373 1622 Hanc
388 1583 508 1640 quoque
522 1563 683 1624 deserimus
698 1566 808 1638 sedem,
824 1565 985 1643 paucisque
999 1565 1106 1626 relictis
1222 1595 1258 1632 ιφ

282 1658 358 1716 Vela
372 1658 485 1730 damus,
500 1667 674 1734 vastumque
688 1678 762 1718 cava
776 1660 858 1718 trabe
873 1659 1013 1718 currimus
1028 1677 1145 1735 aequor.

323 1752 484 1826 Postquam
500 1751 592 1810 altum
607 1762 727 1812 tenuere
741 1763 827 1825 rateS,
843 1771 899 1812 nec
910 1755 972 1828 jam
988 1753 1113 1829 amplius
1128 1752 1206 1813 ullae

282 1845 436 1921 Apparent
451 1855 552 1919 terrae,
569 1846 685 1905 coelum
698 1845 830 1922 undique
845 1857 874 1906 et
888 1846 1019 1922 undique
1034 1857 1151 1923 pontuS,

282 1939 361 1996 Tum
375 1937 447 1996 mihi
461 1939 613 1998 caeruleus
627 1958 715 2016 supra
728 1950 817 2017 caput
830 1938 943 2000 adstitit
957 1940 1058 2012 imber,

283 2033 412 2090 Noctem
426 2031 614 2110 hiememque
628 2033 733 2107 ferens,
748 2044 778 2094 et
793 2033 935 2094 inhorruit
949 2034 1029 2092 unda
1043 2033 1180 2095 tenebris.
1221 2064 1256 2102 19⁵

282 2124 436 2184 Continuo
450 2126 531 2185 venti
545 2127 668 2186 volvunt
681 2147 763 2186 mare
778 2146 943 2204 magnaque
958 2138 1080 2204 surgunt

282 2221 442 2295 Aequora3
463 2220 586 2296 dispersi
597 2221 744 2299 jactamur
756 2221 868 2297 gurgite
883 2232 966 2281 vasto
977 2244 986 2295 ;

283 2313 440 2375 Involvere
455 2313 535 2373 diem
549 2312 651 2389 nimbi,
667 2324 696 2373 et
711 2332 772 2373 nox
785 2314 907 2373 humida
921 2314 1038 2373 coelum

283 2407 434 2482 Abstulit;
455 2407 637 2484 ingeminant
652 2406 785 2485 abruptis
799 2407 927 2467 nubibus
942 2407 1032 2483 ignes.

283 2499 455 2559 Excutimur
468 2520 562 2573 cursu,
578 2511 608 2559 et
622 2501 718 2559 caecis
732 2519 861 2559 erramus
875 2500 906 2558 in
920 2500 1015 2559 undis
1220 2532 1257 2559 ιω

284 2594 356 2669 Ipse
371 2593 450 2652 diem
465 2605 643 2669 noctemque
658 2603 746 2669 negat
761 2593 926 2653 discernere
941 2594 1035 2667 coelo,

283 2687 350 2745 Nec
363 2685 533 2745 meminisse
547 2685 612 2745 viae
626 2685 726 2745 media
740 2685 894 2745 Palinurus
910 2686 940 2745 in
954 2687 1041 2747 unda

282 2780 364 2838 Tres*
372 2780 448 2839 adeo
462 2779 591 2838 incertos
605 2798 694 2838 caeca
707 2778 834 2857 caligine
849 2780 926 2840 soles

284 2875 421 2933 Erramus
435 2873 549 2949 pelago,
566 2872 690 2932 totidem
705 2872 769 2933 sine
784 2874 879 2934 sidere
893 2885 1006 2935 noctes.
1089 2892 1090 2895 ’

283 2966 398 3039 Quarto
413 2976 490 3025 terra
503 2966 552 3025 die
563 2966 691 3043 primum
704 2986 737 3027 se
752 2968 887 3027 attollere
902 2968 1023 3027 tandem

282 3057 364 3131 Visa,
379 3059 491 3135 aperire
506 3060 608 3135 procul
622 3070 747 3133 montes,
765 3078 799 3119 ac
813 3062 930 3120 volvere
944 3062 1064 3120 fumum.

282 3152 359 3210 Vela
372 3153 491 3226 cadunt,
507 3151 594 3211 remis
609 3152 803 3230 insurgimus,
824 3153 903 3213 haud
918 3172 1007 3227 mora,
1024 3162 1130 3213 nautae

266 3236 268 3240 ⁸
283 3244 395 3303 Adnixi
409 3255 547 3322 torquent
561 3265 680 3322 spumas
694 3256 724 3305 et
737 3247 854 3305 caerula
867 3257 991 3305 verrunt.

324 3338 478 3397 Servatum
492 3358 529 3397 ex
543 3338 629 3398 undis
643 3339 842 3416 Strophadum
856 3358 904 3399 me
918 3338 1004 3399 litora
1017 3338 1144 3416 primum

277 3430 463 3507 Accipiunt,
485 3431 773 3508 Strophades-Graio
788 3443 866 3492 stant
880 3432 1000 3491 nomine
1016 3432 1121 3507 dictae,
1221 3462 1258 3489 ιω

285 3524 405 3583 Insulae
420 3523 508 3584 Ionio
523 3524 553 3582 in
567 3544 684 3601 magno,
700 3544 775 3601 quas
790 3524 853 3584 dira
868 3526 999 3585 Celaeno

284 3616 495 3695 Harpyiaeque
509 3619 611 3678 colunt
625 3619 708 3692 aliae,
725 3618 850 3678 Phineia
863 3628 1022 3694 postquam

283 3712 393 3769 Clausa
406 3711 522 3784 domus,
538 3730 713 3787 mensasque
727 3722 808 3772 metu
822 3711 933 3787 liquere
947 3709 1066 3788 priores

283 3803 408 3864 Tristius
421 3804 501 3865 haud
515 3804 573 3865 illis
586 3816 758 3880 monstrum,
773 3823 830 3865 nec
844 3801 958 3864 saevior
971 3803 1032 3864 ulla
