3017 4700
300 387 358 428 210
614 382 640 424 P.
662 379 795 424 VIRGILll
816 377 958 424 Mauortis

301 531 340 588 Et
353 526 425 587 mihi
439 546 514 604 quae
528 524 643 601 hierint,
656 525 786 607 juvenali
800 526 832 584 in
846 543 969 611 corpore
982 519 1067 597 vires,
1236 549 1273 586 4⁷⁵

301 620 340 677 Et
353 638 413 694 qua
425 617 547 678 servetis
561 627 730 677 revocatum
744 636 763 676 a
776 625 871 675 morte
886 616 1004 675 Dareta.

302 711 392 783 Dixit,
408 721 439 770 et
452 711 569 770 adversi
582 719 686 770 contra
699 709 782 768 stetit
795 727 847 768 ora
859 707 985 784 juvenci,

302 803 362 878 Qui
376 803 487 862 donum
501 803 639 862 adstabat
651 821 777 880 pugnae,
793 802 940 877 durosque
954 800 1077 860 reducta

302 897 432 956 Libravit
447 897 550 956 dextra
564 896 664 955 media
677 894 754 954 iuter
767 913 879 973 cornua
892 903 1017 966 caestus

302 990 431 1062 Arduus,
447 989 627 1064 effractoque
641 987 725 1046 illisit
738 987 767 1046 in
783 1005 853 1046 ossa
867 988 996 1048 cerebro.

303 1083 449 1142 Sternitur
459 1081 666 1157 ,exanimisque
679 1089 809 1140 tremens
822 1080 988 1156 procumbit
1002 1079 1084 1140 humi
1097 1079 1161 1139 bos.

303 1176 359 1233 Ille
374 1193 462 1251 super
476 1174 549 1233 tales
563 1173 688 1232 effundit
701 1183 821 1249 pectore
835 1189 942 1232 voces:

303 1269 394 1326 Hanc
408 1267 470 1339 tibi,
487 1267 572 1344 Eryx,
588 1265 740 1325 meliorem
754 1264 883 1324 animam
897 1285 952 1342 pro
966 1275 1059 1326 morte
1075 1264 1194 1324 Daretis

303 1360 464 1432 Persolvo;
484 1358 533 1418 hic
546 1358 640 1419 victor
653 1368 771 1418 caestus
785 1368 936 1435 artemque
950 1376 1071 1436 repono.

344 1450 483 1511 Protinus
498 1453 618 1510 Aeneas
632 1452 722 1511 celeri
736 1461 847 1511 certare
862 1450 969 1529 sagitta

304 1545 415 1604 Invitat
429 1543 480 1620 qui
493 1544 569 1604 forte
582 1544 683 1616 velint,
698 1554 730 1604 et
743 1543 875 1621 praemia
888 1543 980 1620 ponit,

304 1637 483 1716 Ingentique
498 1656 588 1696 manu
601 1637 710 1708 malum
724 1636 762 1696 de
777 1655 852 1696 nave
868 1636 978 1696 Seresti

305 1729 406 1808 Erigit,
423 1740 453 1789 et
466 1731 616 1790 volucrem
630 1731 752 1806 trajecto
767 1730 796 1788 in
812 1731 881 1789 fune
895 1729 1072 1803 columbam,

304 1825 374 1899 Quo
388 1824 514 1882 tendant
528 1823 644 1896 fenum,
659 1811 739 1882 malo
753 1823 909 1900 suspendit
923 1824 961 1882 ab
976 1823 1044 1883 alto.

305 1919 482 2001 Convenere
497 1917 560 1990 viri,
576 1917 783 1994 dejectamque
798 1935 885 1976 aerea
899 1926 1009 1978 sortem

306 2011 433 2088 Accepit
446 2011 532 2089 galea
544 2033 553 2085 3
573 2020 603 2070 et
617 2010 730 2087 primus
743 2011 872 2070 clamore
887 2009 1021 2069 secundo

306 2104 489 2182 Hyrtacidae
503 2113 573 2163 ante
587 2121 693 2163 omnes
707 2103 767 2162 exit
782 2103 865 2162 locus
880 2100 1122 2180 Hippocoontis3

306 2198 404 2272 Quem
419 2197 510 2256 modo
524 2197 622 2255 navali
636 2197 814 2255 Mnestheus
828 2195 988 2256 certamine
1002 2194 1097 2254 victor

306 2290 515 2367 Consequitur,
529 2288 616 2348 viridi
632 2289 809 2348 Mnestheus
823 2289 956 2348 evinctus
969 2288 1055 2348 oliva.

304 2384 422 2443 Tertius
438 2382 589 2462 Eurytion,
605 2392 680 2455 tuuS,
696 2401 716 2441 o
729 2381 900 2455 clarissime,
916 2382 1011 2455 frater,

306 2477 452 2549 Pandare,
467 2476 519 2552 qui
533 2476 694 2551 quondam,
706 2476 806 2551 jussus
820 2475 1001 2534 confundere
1015 2473 1129 2549 foedus,

306 2572 342 2646 In
358 2569 474 2628 medios
489 2569 579 2628 telum
593 2568 704 2627 torsisti
717 2568 830 2643 primus
843 2568 983 2629 Achivos.

306 2651 462 2721 Extremus
476 2661 621 2739 galeaque
636 2660 696 2719 ima
709 2660 845 2724 subsedit
859 2656 993 2734 Acestes,

307 2757 406 2813 Ausus
421 2763 451 2813 et
465 2753 529 2829 ipse
543 2772 633 2811 manu
645 2753 786 2828 juvenum
801 2762 915 2823 tentare
928 2754 1070 2814 laborem.

305 2848 334 2905 T
335 2866 384 2905 um
398 2846 504 2905 validis
518 2846 611 2904 flexos
625 2846 780 2905 incurvant
793 2846 902 2905 viribus
916 2866 1002 2907 arcus

307 2941 365 2999 Pro
380 2957 413 2998 se
427 2938 553 3015 quisque
567 2938 630 3012 viri,
646 2948 677 2998 et
690 2938 869 3015 depromunt
883 2940 943 2999 tela
956 2938 1110 3016 pharetris.
1145 2950 1147 2955 '

102 3089 105 3096 ,
176 3039 224 3106 '..,
235 3078 261 3097 ,ι
307 3032 465 3108 Primaque
479 3050 533 3109 per
545 3032 662 3091 coelum
676 3029 768 3092 nervo
783 3032 1048 3111 stridentesagitta

231 3192 236 3201 ¹
308 3125 491 3203 Hyrtacidae
504 3125 620 3203 juvenis
634 3112 769 3186 vo'lucres
783 3126 950 3185 diverberat
964 3144 1070 3201 auras3

224 3209 236 3236 '
308 3221 347 3278 Et
360 3218 450 3291 venit,
465 3218 640 3294 adversique
654 3217 784 3297 infigitur
797 3219 901 3278 arbore
916 3218 992 3277 mali.

213 3354 223 3398 t
308 3310 464 3371 Intremuit
478 3312 582 3384 maluS,
598 3312 753 3388 timuitque
767 3312 906 3371 exterrita
918 3310 1026 3389 pennis

308 3404 390 3477 AleS,
406 3415 436 3464 et
449 3403 562 3482 ingenti
575 3415 739 3464 sonuerunt
752 3406 853 3464 omnia
867 3406 978 3482 plausu.

308 3499 379 3556 Post
394 3515 461 3556 acer
475 3498 653 3557 Mnestheus
667 3498 797 3565 adducto
812 3496 943 3564 constitit
957 3516 1034 3569 arcu,

309 3591 380 3649 Alta
392 3600 507 3666 petens,
522 3590 690 3667 pariterque
703 3592 806 3649 oculos
821 3592 971 3666 telumque
985 3590 1120 3651 tetendit

307 3686 365 3741 Ast
379 3683 473 3759 ipsam
488 3683 674 3743 miserandus
687 3702 774 3743 avem
788 3683 960 3761 contingere
972 3683 1051 3744 ferro

309 3777 378 3835 Non
393 3774 483 3835 valuit
490 3796 499 3849 3
519 3776 615 3835 nodos
629 3785 660 3835 et
673 3776 792 3836 vincula
805 3775 884 3836 linea
898 3775 984 3853 rupit,
1041 3776 1046 3799 “
