3017 4700
556 417 713 462 Aruernos
734 417 793 462 Lm.
816 419 836 461 1.
1110 385 1183 479 ⁴119

211 561 374 624 Tendimus
388 561 419 621 in
433 560 559 635 Latium,
575 562 664 622 sedes
678 563 729 623 ubi
743 564 804 622 fata
818 561 935 640 quietas
1149 591 1185 630 205

211 656 401 729 Ostendunt3
422 654 539 714 illicias
553 674 644 733 regna
657 673 809 734 resurgere
823 657 940 731 Trojae.

211 750 331 822 Durate,
347 758 377 807 et
390 757 506 807 vosmet
518 749 606 807 rebus
620 759 735 807 servate
750 748 957 846 secundis!

250 841 336 901 Talia
349 859 423 900 voce
436 840 533 914 refert,
548 840 685 918 curisque
699 841 869 919 ingentibus
884 857 972 918 aeger

212 936 303 1011 Spem
317 935 399 993 vultu
413 934 541 1007 simulat,
557 934 665 1010 premit
677 934 770 993 altum
785 935 874 993 corde
889 934 1032 995 dolorem.

212 1026 262 1086 Illi
275 1045 307 1086 se
321 1027 449 1103 praedae
463 1026 621 1104 accingunt
634 1027 820 1103 dapibusque
834 1027 936 1086 futuris
948 1050 954 1085 :
1150 1057 1186 1085 ιω

211 1120 341 1196 Tergora
355 1119 503 1195 deripiunt
516 1119 608 1179 costis
622 1130 652 1179 et
665 1119 781 1178 viscera
795 1120 908 1178 nudant
915 1140 924 1193 3
937 1171 938 1174 ,
1045 1181 1047 1186 ,

212 1213 284 1271 Pars
298 1211 329 1270 in
344 1211 436 1270 frusta
450 1222 551 1271 secant
563 1212 742 1288 veribusque
757 1211 913 1272 trementia
926 1213 1040 1292 figunt3

212 1303 314 1362 Litore
328 1304 404 1362 aina
417 1303 517 1361 locant
530 1303 587 1376 alii,
603 1303 797 1380 flamfflasque
810 1303 986 1364 ministrant.

211 1397 288 1454 Tum
302 1395 381 1454 victu
396 1404 536 1454 revocant
549 1396 634 1470 vires,
649 1395 765 1472 fusique
780 1396 833 1472 per
846 1396 969 1456 herbam

213 1489 377 1564 Implentur
390 1489 498 1548 veteris
513 1489 622 1548 Bacchi
635 1489 813 1566 pinguisque
827 1489 946 1548 ferinae.
1149 1517 1186 1555 αις

213 1583 374 1656 Postquam
388 1591 525 1658 exempta
538 1582 632 1641 fames
646 1583 743 1659 epulis
757 1601 937 1659 mensaeque
952 1593 1092 1658 remotae,

213 1673 348 1732 Amissos
362 1673 452 1752 longo
466 1675 563 1734 socios
578 1694 716 1735 sermone
730 1676 890 1752 requirunt,

213 1767 363 1842 Spemque
377 1777 547 1842 metumque
562 1768 638 1843 inter
652 1767 743 1842 dubii,
760 1787 813 1828 seu
827 1769 926 1828 vivere
940 1770 1072 1846 credant,
1150 1779 1152 1794 “

213 1859 281 1919 Sive
296 1869 427 1943 extrema
440 1860 502 1936 pati
515 1878 572 1919 nec
588 1861 651 1939 jam
665 1862 804 1921 exaudire
818 1873 978 1950 vocatosss

212 1953 372 2030 Praecipue
386 1952 451 2029 pius
465 1955 585 2013 Aeneas
599 1973 678 2013 nunc
709 1955 768 2014 cris
783 1955 899 2028 Oronti,

212 2047 243 2104 N
243 2066 301 2106 unc
315 2046 422 2124 Amyci
435 2064 536 2105 casum
549 2046 642 2124 gemit
655 1973 831 2130 et7crudelia
845 2067 946 2107 secum

213 2141 287 2198 Fata
300 2138 380 2216 Lyci,
392 2139 561 2215 fortemque
576 2141 671 2216 Gyan,
687 2139 851 2215 fortemque
867 2141 1096 2224 Cloanthum«.

254 2233 292 2290 Et
310 2233 371 2307 jam
385 2231 459 2318 nqis
467 2239 538 2304 erat,
554 2249 646 2305 quum
659 2230 796 2307 Juppiter
809 2231 928 2292 aethere
943 2251 1060 2294 summo

213 2324 390 2403 Despiciens
404 2302 496 2383 nare*
498 2323 657 2384 velivolum
670 2334 824 2401 terrasque
835 2324 969 2404 jacentes
1065 2370 1067 2375 .

214 2419 374 2495 Litoraque
388 2427 419 2477 et
432 2420 510 2477 latos
524 2418 662 2496 populos,
676 2418 720 2477 sic
732 2418 842 2479 vertice
856 2417 933 2479 coeli

214 2509 357 2569 Constitit
371 2518 401 2567 et
415 2509 527 2587 Libyae
541 2509 644 2567 defixit
657 2509 770 2569 lumina
783 2510 890 2589 regnis.

213 2605 312 2679 Atque
327 2602 409 2660 illum
423 2602 504 2661 tales
517 2604 680 2678 jactantem
694 2612 815 2679 pectore
830 2620 914 2663 curas

155 2692 159 2697 ’
212 2694 338 2754 Tristior
351 2704 380 2754 et
394 2695 521 2754 lacrimis
535 2696 639 2754 oculos
654 2695 765 2755 suffirsa
779 2697 908 2756 nitentes

213 2787 381 2863 Alloquitur
394 2789 518 2846 Venus:
538 2789 566 2847 Ο
582 2788 633 2863 qui
647 2806 695 2875 res
708 2789 922 2865 hominumque
937 2788 1087 2865 deumque

213 2881 350 2941 Aeternis
364 2880 441 2958 regis
455 2880 593 2957 imperiis,
610 2891 640 2941 et
654 2882 776 2941 fulmine
791 2892 891 2956 terres,
1150 2908 1187 2946 2³0

213 2974 294 3047 Quid
307 2992 391 3032 meus
405 2975 526 3033 Aeneas
541 2973 571 3032 in
585 2984 616 3033 te
630 2974 814 3035 committere
829 2984 951 3049 tanturn,

213 3066 293 3142 Quid
307 3068 402 3125 Troes
416 3075 548 3141 potuere,
565 3065 681 3142 quibus,
695 3076 743 3127 tot
756 3068 858 3126 funera
870 3066 976 3144 passis,

213 3161 349 3219 Cunctus
363 3159 402 3217 ob
418 3158 536 3217 Italiam
550 3167 693 3218 terrarum
706 3160 852 3219 clauditur
866 3161 967 3219 orbis?

10 3289 11 3310 r
98 3322 101 3328 ¹
212 3254 302 3313 Certe
317 3250 387 3310 hinc
403 3252 557 3312 Romanos
571 3252 650 3325 olim,
665 3252 852 3311 volventibus
867 3252 962 3326 annis,

213 3345 296 3425 Hinc
310 3344 372 3403 fore
387 3345 533 3417 ductores,
549 3353 687 3403 revocato
701 3363 720 3404 a
733 3344 878 3422 sanguine
891 3344 1008 3418 Teucri,
1150 3367 1187 3405 2³⁵

213 3436 273 3512 Qui
287 3455 376 3510 mare,
393 3437 443 3513 qui
456 3447 548 3496 terras
561 3435 642 3494 omni
657 3436 769 3497 ditione
783 3446 928 3512 tenerent,

212 3528 375 3603 Pollicitus,
392 3548 468 3605 quae
481 3539 520 3602 te,
535 3528 660 3607 genitor,
675 3529 821 3589 sententia
835 3532 940 3591 vertit?

212 3625 284 3682 Hoc
299 3620 438 3698 equidem
453 3640 592 3681 occasum
605 3622 716 3697 Trojae
729 3622 888 3701 tristesque
902 3622 1000 3683 ruinas

15 3680 18 3687 ’
117 3775 121 3781 ,
212 3714 344 3787 solabar,
359 3714 427 3774 rans
441 3712 589 3773 contraria
601 3712 662 3772 aa
675 3714 843 3791 rependens
853 3738 862 3791 ;

213 3810 303 3867 Nunc
316 3807 422 3867 eadem
435 3806 552 3865 fortuna
563 3804 643 3866 viros
657 3807 833 3871 rotensibus
847 3817 930 3869 actos
1150 3830 1188 3870 ²40
