3017 4700
314 450 370 508 108
443 473 447 478 ⁴
626 465 651 508 P.
673 463 806 508 vinoun
828 465 970 510 nunonis

350 609 510 669 Texendae
525 628 629 687 saepes
643 610 733 670 etiam
747 621 778 670 et
791 629 883 688 pecus
897 629 986 670 omne
1000 611 1173 685 tenendum,
1209 595 1212 603 ’

311 703 472 780 Praecipue
486 703 556 762 dum
571 704 652 763 frons
665 714 769 764 tenera
783 703 1010 781 imprudensque
1025 705 1158 764 laborum
1169 727 1179 780 ;

311 795 368 856 Cui
383 815 471 873 super
484 795 621 874 indignas
634 797 748 856 hiemes
763 796 915 874 solemque
929 807 1084 874 potentem

312 891 468 950 Silvestres
482 890 527 949 uri
540 890 665 951 adsidue
679 909 862 968 capreaeque
877 891 1018 967 sequaces
1114 903 1117 910 ’

312 983 454 1056 Illudunt,
469 994 631 1059 pascuntur
645 1002 717 1043 oves
731 983 894 1060 avidaeque
913 985 1066 1060 juvencae.

311 1076 431 1152 Frigora
445 1095 500 1134 nec
514 1085 628 1135 tantum
642 1095 717 1135 cana
730 1087 869 1136 concreta
882 1076 995 1152 pruina,

310 1170 372 1226 Aut
384 1168 481 1246 gravis
496 1168 671 1227 incumbens
685 1167 816 1245 scopulis
830 1169 981 1229 arentibus
996 1179 1101 1243 aestas,

311 1261 462 1335 Quantum
477 1261 519 1319 illi
534 1279 663 1320 nocuere
676 1280 792 1339 greges
808 1262 932 1338 durique
946 1281 1094 1321 venenum

311 1353 419 1414 Dentis
434 1365 465 1413 et
478 1355 617 1413 admorso
632 1351 747 1432 signata
762 1355 790 1413 in
807 1354 897 1432 stirpe
911 1355 1037 1414 cicatrix.
1156 1347 1160 1362 '

310 1450 382 1506 Non
396 1447 483 1505 aliam
499 1447 539 1505 ob
552 1448 670 1523 culpam
684 1447 802 1506 Baccho
816 1466 905 1524 caper
918 1448 1056 1508 omnibus
1071 1448 1129 1508 aris

310 1538 452 1601 Caeditur
466 1551 497 1599 et
509 1550 623 1606 veteres
637 1540 741 1599 ineunt
754 1541 910 1617 proscenia
922 1541 993 1614 ludi,

311 1632 507 1709 Praemiaque
521 1633 647 1711 ingeniis
660 1653 754 1712 pagos
769 1644 799 1694 et
813 1633 942 1710 compita
956 1634 1066 1693 circum

310 1727 461 1786 Thesidae
476 1745 611 1803 posuere,
627 1736 716 1803 atque
730 1727 807 1786 inter
820 1727 928 1804 pocula
942 1727 1012 1786 laeti

311 1819 456 1878 Mollibus
471 1819 500 1877 in
515 1819 607 1896 pratis
621 1830 727 1879 unctos
741 1821 857 1879 saluere
871 1838 925 1896 per
938 1829 1028 1880 utres.

311 1915 452 1973 Necnon
467 1911 601 1986 Ausonii,
616 1913 707 1992 Troja
720 1931 795 1991 gens
809 1913 909 1986 missa,
925 1912 1025 1972 coloni

310 2005 454 2064 Versibus
468 2005 627 2082 incomptis
641 2005 748 2065 ludunt
762 2006 880 2082 risuque
896 2006 1003 2078 soluto,

311 2098 431 2174 Oraque
446 2097 604 2158 corticibus
619 2108 739 2158 sumunt
751 2098 901 2158 horrenda
913 2098 1033 2171 cavatis,

311 2193 350 2250 Et
364 2200 402 2264 te,
418 2192 543 2264 Bacche,
558 2201 666 2250 vocant
679 2210 732 2268 per
746 2191 878 2250 carmina
891 2191 977 2264 laeta,
993 2189 1106 2268 tibique

311 2284 425 2345 Oscilla
438 2303 476 2343 ex
489 2285 549 2344 alta
561 2284 747 2362 suspendunt
761 2284 863 2344 mollia
877 2284 957 2361 pinu.

257 2412 261 2417 ⁴
312 2380 396 2438 Hinc
409 2379 507 2438 omnis
521 2380 604 2455 largo
617 2378 754 2454 pubescit
767 2378 855 2437 vinea
868 2377 938 2449 fetu,

312 2474 507 2549 Complentur
521 2471 672 2546 vallesque
686 2488 777 2529 cavae
791 2470 944 2545 saltusque
957 2468 1104 2545 profundi,

312 2567 351 2624 Et
365 2583 552 2641 quocumque
566 2564 642 2622 deus
656 2562 766 2621 circum
777 2573 866 2639 caput
880 2563 939 2641 egit
953 2562 1119 2621 honesturn.

312 2660 391 2735 Ergo
405 2657 460 2716 rite
475 2676 563 2715 suurn
578 2656 696 2715 Baccho
710 2655 843 2715 dicemus
857 2657 1001 2715 honorem

211 2812 215 2820 ,
312 2748 500 2810 Carminibus
513 2748 615 2826 patriis
629 2750 789 2825 lancesque
804 2759 834 2807 et
847 2748 908 2807 liba
921 2748 1056 2819 feremus

312 2844 351 2902 Et
365 2843 471 2901 ductus
485 2861 578 2901 cornu
592 2842 683 2901 stabit
697 2860 781 2901 sacer
794 2840 893 2901 hircus
907 2842 946 2900 ad
960 2860 1049 2913 aram,
1248 2862 1284 2900 ars

312 2935 496 3013 Pinguiaque
511 2934 541 2993 in
555 2935 674 2995 veribus
688 2935 865 2995 torrebimus
879 2946 947 2993 exta
961 2932 1097 2993 colurnis

353 3031 407 3088 Est
420 3029 509 3087 etiam
524 3027 573 3087 ille
588 3028 672 3088 labor
684 3028 822 3088 curandis
835 3027 944 3088 vitibus
960 3028 1042 3101 alter,

313 3121 372 3181 Cui
386 3140 546 3197 numquam
560 3121 694 3181 exhausti
709 3121 781 3181 satis
792 3133 855 3181 est:
876 3140 1004 3197 namque
1016 3137 1105 3179 omne
1115 3125 1188 3194 quot
1198 3116 1283 3176 annis

312 3214 431 3290 Terque
446 3223 606 3291 quaterque
621 3215 715 3273 solum
730 3214 936 3287 scindendum,
952 3214 1116 3292 glaebaque
1130 3210 1221 3271 versis

314 3310 477 3367 Aeternum
490 3307 653 3385 frangenda
666 3306 837 3366 bidentibus
850 3328 858 3380 ;
879 3326 967 3365 omne
982 3306 1140 3365 levandum
1247 3332 1284 3369 400

312 3400 432 3461 Fronde
446 3418 558 3473 nemus.
600 3398 692 3458 Redit
704 3398 839 3477 agricolis
853 3399 936 3458 labor
950 3409 1033 3459 actus
1047 3399 1078 3457 in
1091 3399 1202 3471 orbem,

313 3495 414 3568 Atque
428 3492 459 3549 in
473 3509 505 3549 se
519 3510 573 3551 sua
585 3510 639 3567 per
651 3490 776 3569 vestigia
788 3490 914 3551 volvitur
927 3510 1031 3551 annus.

313 3588 360 3646 Ac
379 3587 442 3662 jam
455 3583 526 3643 olim
540 3602 620 3643 seras
633 3583 733 3661 posuit
747 3603 838 3660 quum
851 3584 939 3643 vinea
952 3582 1074 3644 frondes

313 3676 449 3755 Frigidus
463 3687 493 3736 et
506 3676 587 3736 silvis
600 3677 701 3754 aquilo
714 3676 845 3737 decussit
858 3678 1011 3750 honorem,

311 3772 381 3849 Jam
394 3779 457 3829 tum
470 3788 539 3829 acer
551 3788 637 3829 curas
650 3771 821 3830 venientem
834 3768 969 3829 extendit
982 3768 1013 3827 in
1027 3789 1138 3829 annum
1249 3792 1286 3829 ⁴03

313 3862 463 3937 Rusticus,
480 3873 510 3923 et
523 3882 613 3924 curvo
628 3863 745 3924 Saturni
760 3863 850 3923 dente
864 3862 996 3922 relictam
1020 3905 1023 3916 .
