<?xml version="1.0" encoding="UTF-8"?>
<!DOCTYPE html PUBLIC "-//W3C//DTD XHTML 1.0 Transitional//EN"
    "http://www.w3.org/TR/xhtml1/DTD/xhtml1-transitional.dtd">
<html xmlns="http://www.w3.org/1999/xhtml" xml:lang="en" lang="en">
 <head>
  <title>
</title>
<meta http-equiv="Content-Type" content="text/html;charset=utf-8" />
  <meta name='ocr-system' content='tesseract 3.04.00' />
  <meta name='ocr-capabilities' content='ocr_page ocr_carea ocr_par ocr_line ocrx_word'/>
</head>
<body>
  <div class='ocr_page' id='page_1' title='image "./selectionsfromo01virggoog_0204.png"; bbox 0 0 3017 4700; ppageno 0'>
   <div class='ocr_carea' id='block_1_1' title="bbox 313 396 965 459">
    <p class='ocr_par' dir='ltr' id='par_1_1' title="bbox 313 396 965 459">
     <span class='ocr_line' id='line_1_1' title="bbox 313 396 965 459; baseline 0.003 -21"><span class='ocrx_word' id='word_1_1' title='bbox 313 399 367 456; x_wconf 86' lang='lat'>192</span> <span class='ocrx_word' id='word_1_2' title='bbox 566 404 570 412; x_wconf 93' lang='grc'><strong>“</strong></span> <span class='ocrx_word' id='word_1_3' title='bbox 622 397 648 453; x_wconf 63' lang='grc' dir='ltr'>Β.</span> <span class='ocrx_word' id='word_1_4' title='bbox 669 396 801 459; x_wconf 68' lang='lat' dir='ltr'>vitemur</span> <span class='ocrx_word' id='word_1_5' title='bbox 823 397 965 441; x_wconf 88' lang='lat' dir='ltr'>MARONlS</span> 
     </span>
    </p>
   </div>
   <div class='ocr_carea' id='block_1_2' title="bbox 230 540 1224 3879">
    <p class='ocr_par' dir='ltr' id='par_1_2' title="bbox 230 540 1224 3879">
     <span class='ocr_line' id='line_1_2' title="bbox 310 540 1015 620; baseline 0.006 -20"><span class='ocrx_word' id='word_1_6' title='bbox 310 541 416 602; x_wconf 89' lang='lat' dir='ltr'>Iliacas</span> <span class='ocrx_word' id='word_1_7' title='bbox 432 540 519 619; x_wconf 90' lang='lat' dir='ltr'>igitur</span> <span class='ocrx_word' id='word_1_8' title='bbox 532 541 634 602; x_wconf 91' lang='lat' dir='ltr'>classis</span> <span class='ocrx_word' id='word_1_9' title='bbox 648 553 738 620; x_wconf 89' lang='lat' dir='ltr'>atque</span> <span class='ocrx_word' id='word_1_10' title='bbox 752 541 855 602; x_wconf 91' lang='lat' dir='ltr'>ultima</span> <span class='ocrx_word' id='word_1_11' title='bbox 868 544 1015 604; x_wconf 86' lang='lat' dir='ltr'>Teucrum</span> 
     </span>
     <span class='ocr_line' id='line_1_3' title="bbox 307 634 1096 713; baseline 0.005 -19"><span class='ocrx_word' id='word_1_12' title='bbox 307 637 395 711; x_wconf 89' lang='lat' dir='ltr'>Jussa</span> <span class='ocrx_word' id='word_1_13' title='bbox 409 638 534 712; x_wconf 83' lang='lat' dir='ltr'>sequar?</span> <span class='ocrx_word' id='word_1_14' title='bbox 554 634 661 712; x_wconf 88' lang='lat' dir='ltr'>quiane</span> <span class='ocrx_word' id='word_1_15' title='bbox 675 635 785 695; x_wconf 85' lang='lat' dir='ltr'>auxilio</span> <span class='ocrx_word' id='word_1_16' title='bbox 796 637 879 712; x_wconf 85' lang='lat' dir='ltr'>J&#39;uvat</span> <span class='ocrx_word' id='word_1_17' title='bbox 893 647 961 696; x_wconf 90' lang='lat' dir='ltr'>ante</span> <span class='ocrx_word' id='word_1_18' title='bbox 975 637 1096 713; x_wconf 92' lang='lat' dir='ltr'>levatos,</span> 
     </span>
     <span class='ocr_line' id='line_1_4' title="bbox 309 728 1095 806; baseline 0.005 -19"><span class='ocrx_word' id='word_1_19' title='bbox 309 730 348 788; x_wconf 91' lang='lat' dir='ltr'>Et</span> <span class='ocrx_word' id='word_1_20' title='bbox 361 730 438 789; x_wconf 91' lang='lat' dir='ltr'>bene</span> <span class='ocrx_word' id='word_1_21' title='bbox 453 728 532 805; x_wconf 89' lang='lat' dir='ltr'>apud</span> <span class='ocrx_word' id='word_1_22' title='bbox 546 747 694 788; x_wconf 86' lang='lat' dir='ltr'>memores</span> <span class='ocrx_word' id='word_1_23' title='bbox 708 729 815 788; x_wconf 83' lang='lat' dir='ltr'>veteris</span> <span class='ocrx_word' id='word_1_24' title='bbox 830 739 887 788; x_wconf 87' lang='lat' dir='ltr'>stat</span> <span class='ocrx_word' id='word_1_25' title='bbox 900 729 993 806; x_wconf 87' lang='lat' dir='ltr'>gratia</span> <span class='ocrx_word' id='word_1_26' title='bbox 1006 730 1095 791; x_wconf 88' lang='lat' dir='ltr'>facti?</span> 
     </span>
     <span class='ocr_line' id='line_1_5' title="bbox 309 821 1201 900; baseline 0.006 -21"><span class='ocrx_word' id='word_1_27' title='bbox 309 821 384 895; x_wconf 92' lang='lat' dir='ltr'>Quis</span> <span class='ocrx_word' id='word_1_28' title='bbox 398 841 446 881; x_wconf 91' lang='lat' dir='ltr'>me</span> <span class='ocrx_word' id='word_1_29' title='bbox 460 832 568 896; x_wconf 87' lang='lat' dir='ltr'>autem,</span> <span class='ocrx_word' id='word_1_30' title='bbox 584 822 630 881; x_wconf 86' lang='lat' dir='ltr'>lac</span> <span class='ocrx_word' id='word_1_31' title='bbox 643 822 728 895; x_wconf 90' lang='lat' dir='ltr'>velle,</span> <span class='ocrx_word' id='word_1_32' title='bbox 744 821 829 896; x_wconf 90' lang='lat' dir='ltr'>sinet,</span> <span class='ocrx_word' id='word_1_33' title='bbox 845 821 992 884; x_wconf 87' lang='lat' dir='ltr'><strong>ratibusve</strong></span> <span class='ocrx_word' id='word_1_34' title='bbox 1007 823 1139 900; x_wconf 91' lang='lat' dir='ltr'>superbis</span> <span class='ocrx_word' id='word_1_35' title='bbox 1200 865 1201 869; x_wconf 54' lang='lat'><em>=</em></span> 
     </span>
     <span class='ocr_line' id='line_1_6' title="bbox 308 913 1103 991; baseline 0.005 -19"><span class='ocrx_word' id='word_1_36' title='bbox 308 914 441 974; x_wconf 83' lang='lat' dir='ltr'>Invisam</span> <span class='ocrx_word' id='word_1_37' title='bbox 454 913 599 991; x_wconf 85' lang='lat' dir='ltr'>accipiet?</span> <span class='ocrx_word' id='word_1_38' title='bbox 633 914 739 974; x_wconf 90' lang='lat' dir='ltr'>Nescis</span> <span class='ocrx_word' id='word_1_39' title='bbox 753 915 820 988; x_wconf 92' lang='lat' dir='ltr'>heu,</span> <span class='ocrx_word' id='word_1_40' title='bbox 835 914 960 991; x_wconf 91' lang='lat' dir='ltr'>perdita,</span> <span class='ocrx_word' id='word_1_41' title='bbox 976 917 1103 976; x_wconf 88' lang='lat' dir='ltr'><strong>necdum</strong></span> 
     </span>
     <span class='ocr_line' id='line_1_7' title="bbox 307 1006 1098 1084; baseline 0.004 -19"><span class='ocrx_word' id='word_1_42' title='bbox 307 1008 549 1067; x_wconf 82' lang='lat' dir='ltr'>Laomedonteae</span> <span class='ocrx_word' id='word_1_43' title='bbox 564 1006 656 1067; x_wconf 90' lang='lat' dir='ltr'>sentis</span> <span class='ocrx_word' id='word_1_44' title='bbox 670 1007 798 1084; x_wconf 71' lang='lat' dir='ltr'>perjuria</span> <span class='ocrx_word' id='word_1_45' title='bbox 810 1008 926 1084; x_wconf 89' lang='lat' dir='ltr'>gentis?</span> <span class='ocrx_word' id='word_1_46' title='bbox 1096 1021 1098 1026; x_wconf 85' lang='lat'>&#39;</span> 
     </span>
     <span class='ocr_line' id='line_1_8' title="bbox 307 1099 1108 1177; baseline 0.005 -18"><span class='ocrx_word' id='word_1_47' title='bbox 307 1099 389 1175; x_wconf 90' lang='lat' dir='ltr'>Quid</span> <span class='ocrx_word' id='word_1_48' title='bbox 403 1103 486 1160; x_wconf 88' lang='lat' dir='ltr'>tum?</span> <span class='ocrx_word' id='word_1_49' title='bbox 507 1101 572 1160; x_wconf 90' lang='lat' dir='ltr'>sola</span> <span class='ocrx_word' id='word_1_50' title='bbox 585 1101 654 1177; x_wconf 85' lang='lat' dir='ltr'>luga</span> <span class='ocrx_word' id='word_1_51' title='bbox 667 1110 771 1160; x_wconf 84' lang='lat' dir='ltr'>nautas</span> <span class='ocrx_word' id='word_1_52' title='bbox 785 1099 949 1160; x_wconf 91' lang='lat' dir='ltr'>comitabor</span> <span class='ocrx_word' id='word_1_53' title='bbox 963 1105 1108 1163; x_wconf 82' lang='lat' dir='ltr'>ovantes?</span> 
     </span>
     <span class='ocr_line' id='line_1_9' title="bbox 307 1192 996 1271; baseline 0.001 -19"><span class='ocrx_word' id='word_1_54' title='bbox 307 1195 357 1252; x_wconf 89' lang='lat' dir='ltr'>An</span> <span class='ocrx_word' id='word_1_55' title='bbox 371 1192 466 1271; x_wconf 89' lang='lat' dir='ltr'>Tyriis</span> <span class='ocrx_word' id='word_1_56' title='bbox 481 1193 622 1269; x_wconf 91' lang='lat' dir='ltr'>omnique</span> <span class='ocrx_word' id='word_1_57' title='bbox 637 1212 727 1253; x_wconf 92' lang='lat' dir='ltr'>manu</span> <span class='ocrx_word' id='word_1_58' title='bbox 741 1192 848 1271; x_wconf 91' lang='lat' dir='ltr'>stipata</span> <span class='ocrx_word' id='word_1_59' title='bbox 863 1213 996 1254; x_wconf 87' lang='lat' dir='ltr'>meorum</span> 
     </span>
     <span class='ocr_line' id='line_1_10' title="bbox 306 1281 979 1366; baseline 0 -21"><span class='ocrx_word' id='word_1_60' title='bbox 306 1287 427 1360; x_wconf 85' lang='lat' dir='ltr'>Inferar,</span> <span class='ocrx_word' id='word_1_61' title='bbox 443 1297 480 1366; x_wconf 87' lang='lat' dir='ltr'>et,</span> <span class='ocrx_word' id='word_1_62' title='bbox 497 1305 572 1362; x_wconf 91' lang='lat' dir='ltr'>quos</span> <span class='ocrx_word' id='word_1_63' title='bbox 587 1285 709 1346; x_wconf 89' lang='lat' dir='ltr'>Sidonia</span> <span class='ocrx_word' id='word_1_64' title='bbox 722 1284 771 1345; x_wconf 86' lang='lat' dir='ltr'>vix</span> <span class='ocrx_word' id='word_1_65' title='bbox 785 1289 856 1346; x_wconf 92' lang='lat' dir='ltr'>urbe</span> <span class='ocrx_word' id='word_1_66' title='bbox 871 1281 979 1360; x_wconf 90' lang='lat' dir='ltr'>revelli,</span> 
     </span>
     <span class='ocr_line' id='line_1_11' title="bbox 263 1373 1110 1457; baseline 0.004 -19"><span class='ocrx_word' id='word_1_67' title='bbox 263 1407 265 1411; x_wconf 46' lang='lat'><em>⁴</em></span> <span class='ocrx_word' id='word_1_68' title='bbox 306 1381 420 1440; x_wconf 92' lang='lat' dir='ltr'>Rursus</span> <span class='ocrx_word' id='word_1_69' title='bbox 435 1399 519 1456; x_wconf 90' lang='lat' dir='ltr'>agam</span> <span class='ocrx_word' id='word_1_70' title='bbox 534 1380 648 1456; x_wconf 87' lang='lat' dir='ltr'>pelago,</span> <span class='ocrx_word' id='word_1_71' title='bbox 664 1373 694 1440; x_wconf 82' lang='lat' dir='ltr'>et</span> <span class='ocrx_word' id='word_1_72' title='bbox 707 1379 803 1440; x_wconf 88' lang='lat' dir='ltr'>ventis</span> <span class='ocrx_word' id='word_1_73' title='bbox 817 1381 887 1440; x_wconf 87' lang='lat' dir='ltr'>dare</span> <span class='ocrx_word' id='word_1_74' title='bbox 901 1381 968 1440; x_wconf 90' lang='lat' dir='ltr'>vela</span> <span class='ocrx_word' id='word_1_75' title='bbox 977 1381 1110 1457; x_wconf 88' lang='lat' dir='ltr'>jubebo?</span> 
     </span>
     <span class='ocr_line' id='line_1_12' title="bbox 306 1461 1224 1550; baseline 0.002 -20"><span class='ocrx_word' id='word_1_76' title='bbox 306 1473 386 1548; x_wconf 86' lang='lat' dir='ltr'>Quin</span> <span class='ocrx_word' id='word_1_77' title='bbox 401 1474 523 1546; x_wconf 89' lang='lat' dir='ltr'>morere,</span> <span class='ocrx_word' id='word_1_78' title='bbox 539 1483 571 1532; x_wconf 94' lang='lat' dir='ltr'>ut</span> <span class='ocrx_word' id='word_1_79' title='bbox 585 1472 689 1532; x_wconf 89' lang='lat' dir='ltr'>merita</span> <span class='ocrx_word' id='word_1_80' title='bbox 703 1492 743 1546; x_wconf 91' lang='lat' dir='ltr'>es,</span> <span class='ocrx_word' id='word_1_81' title='bbox 759 1474 893 1550; x_wconf 83' lang='lat' dir='ltr'>ferroque</span> <span class='ocrx_word' id='word_1_82' title='bbox 908 1485 1006 1534; x_wconf 89' lang='lat' dir='ltr'>averte</span> <span class='ocrx_word' id='word_1_83' title='bbox 1017 1461 1163 1534; x_wconf 68' lang='lat' dir='ltr'>ilolorem.</span> <span class='ocrx_word' id='word_1_84' title='bbox 1220 1495 1224 1510; x_wconf 84' lang='lat'><em>·</em></span> 
     </span>
     <span class='ocr_line' id='line_1_13' title="bbox 305 1564 1013 1642; baseline 0 -17"><span class='ocrx_word' id='word_1_85' title='bbox 305 1566 353 1625; x_wconf 87' lang='lat' dir='ltr'>Tu</span> <span class='ocrx_word' id='word_1_86' title='bbox 367 1564 493 1624; x_wconf 86' lang='lat' dir='ltr'>lacrimis</span> <span class='ocrx_word' id='word_1_87' title='bbox 507 1564 603 1624; x_wconf 86' lang='lat' dir='ltr'>evicta</span> <span class='ocrx_word' id='word_1_88' title='bbox 617 1564 698 1640; x_wconf 91' lang='lat' dir='ltr'>meis,</span> <span class='ocrx_word' id='word_1_89' title='bbox 714 1576 745 1625; x_wconf 89' lang='lat' dir='ltr'>tu</span> <span class='ocrx_word' id='word_1_90' title='bbox 760 1565 854 1642; x_wconf 81' lang='lat' dir='ltr'>prima</span> <span class='ocrx_word' id='word_1_91' title='bbox 867 1567 1013 1626; x_wconf 82' lang='lat' dir='ltr'>furentem</span> 
     </span>
     <span class='ocr_line' id='line_1_14' title="bbox 306 1646 1084 1737; baseline 0.004 -20"><span class='ocrx_word' id='word_1_92' title='bbox 306 1646 537 1735; x_wconf 69' lang='lat' dir='ltr'>His,&#39;germana‚</span> <span class='ocrx_word' id='word_1_93' title='bbox 552 1659 638 1717; x_wconf 88' lang='lat' dir='ltr'>malis</span> <span class='ocrx_word' id='word_1_94' title='bbox 652 1678 757 1718; x_wconf 91' lang='lat' dir='ltr'>oneras</span> <span class='ocrx_word' id='word_1_95' title='bbox 772 1650 861 1736; x_wconf 71' lang='lat' dir='ltr'>atque</span> <span class='ocrx_word' id='word_1_96' title='bbox 875 1659 982 1737; x_wconf 89' lang='lat' dir='ltr'>objicis</span> <span class='ocrx_word' id='word_1_97' title='bbox 997 1659 1084 1720; x_wconf 90' lang='lat' dir='ltr'>hosti.</span> 
     </span>
     <span class='ocr_line' id='line_1_15' title="bbox 305 1750 1092 1838; baseline 0.001 -27"><span class='ocrx_word' id='word_1_98' title='bbox 305 1755 376 1811; x_wconf 90' lang='lat' dir='ltr'>Non</span> <span class='ocrx_word' id='word_1_99' title='bbox 390 1751 472 1811; x_wconf 92' lang='lat' dir='ltr'>licuit</span> <span class='ocrx_word' id='word_1_100' title='bbox 480 1750 607 1811; x_wconf 72' lang='lat' dir='ltr'>‘thalami</span> <span class='ocrx_word' id='word_1_101' title='bbox 622 1761 773 1828; x_wconf 83' lang='lat' dir='ltr'>expertem</span> <span class='ocrx_word' id='word_1_102' title='bbox 787 1751 850 1812; x_wconf 89' lang='lat' dir='ltr'>sine</span> <span class='ocrx_word' id='word_1_103' title='bbox 865 1751 986 1838; x_wconf 82' lang='lat' dir='ltr'>crimine</span> <span class='ocrx_word' id='word_1_104' title='bbox 1001 1752 1092 1813; x_wconf 90' lang='lat' dir='ltr'>vitam</span> 
     </span>
     <span class='ocr_line' id='line_1_16' title="bbox 306 1845 1034 1922; baseline 0.004 -19"><span class='ocrx_word' id='word_1_105' title='bbox 306 1847 430 1921; x_wconf 84' lang='lat' dir='ltr'>Degere,</span> <span class='ocrx_word' id='word_1_106' title='bbox 442 1863 524 1904; x_wconf 90' lang='lat' dir='ltr'>more</span> <span class='ocrx_word' id='word_1_107' title='bbox 538 1845 625 1918; x_wconf 86' lang='lat' dir='ltr'>ferae,</span> <span class='ocrx_word' id='word_1_108' title='bbox 642 1846 715 1904; x_wconf 87' lang='lat' dir='ltr'>tales</span> <span class='ocrx_word' id='word_1_109' title='bbox 729 1865 786 1904; x_wconf 90' lang='lat' dir='ltr'>nec</span> <span class='ocrx_word' id='word_1_110' title='bbox 800 1856 919 1922; x_wconf 89' lang='lat' dir='ltr'>tangere</span> <span class='ocrx_word' id='word_1_111' title='bbox 933 1851 1034 1906; x_wconf 81' lang='lat' dir='ltr'>curas!</span> 
     </span>
     <span class='ocr_line' id='line_1_17' title="bbox 297 1929 1033 2029; baseline 0.004 -32"><span class='ocrx_word' id='word_1_112' title='bbox 297 1929 376 1998; x_wconf 40' lang='lat' dir='ltr'>‘Non</span> <span class='ocrx_word' id='word_1_113' title='bbox 391 1934 505 2029; x_wconf 80' lang='lat' dir='ltr'>servata</span> <span class='ocrx_word' id='word_1_114' title='bbox 518 1938 601 2011; x_wconf 89' lang='lat' dir='ltr'>fides,</span> <span class='ocrx_word' id='word_1_115' title='bbox 617 1937 708 1998; x_wconf 88' lang='lat' dir='ltr'>cineri</span> <span class='ocrx_word' id='word_1_116' title='bbox 722 1937 868 2015; x_wconf 88' lang='lat' dir='ltr'>promissa</span> <span class='ocrx_word' id='word_1_117' title='bbox 883 1939 1033 2018; x_wconf 84' lang='lat' dir='ltr'>Sychaeo!</span> 
     </span>
     <span class='ocr_line' id='line_1_18' title="bbox 304 2030 1098 2138; baseline 0.005 -48"><span class='ocrx_word' id='word_1_118' title='bbox 304 2033 418 2091; x_wconf 89' lang='lat' dir='ltr'>Tantos</span> <span class='ocrx_word' id='word_1_119' title='bbox 432 2030 482 2091; x_wconf 90' lang='lat' dir='ltr'>illa</span> <span class='ocrx_word' id='word_1_120' title='bbox 495 2050 550 2091; x_wconf 92' lang='lat' dir='ltr'>suo</span> <span class='ocrx_word' id='word_1_121' title='bbox 564 2032 719 2135; x_wconf 88' lang='lat' dir='ltr'>rumpebat</span> <span class='ocrx_word' id='word_1_122' title='bbox 732 2042 854 2138; x_wconf 88' lang='lat' dir='ltr'>pectore</span> <span class='ocrx_word' id='word_1_123' title='bbox 869 2042 997 2108; x_wconf 91' lang='lat' dir='ltr'>questus</span> <span class='ocrx_word' id='word_1_124' title='bbox 1095 2087 1098 2094; x_wconf 88' lang='lat'><em>.</em></span> 
     </span>
     <span class='ocr_line' id='line_1_19' title="bbox 345 2078 1041 2236; baseline 0 -52"><span class='ocrx_word' id='word_1_125' title='bbox 345 2128 463 2218; x_wconf 67' lang='lat' dir='ltr'>Aeneps</span> <span class='ocrx_word' id='word_1_126' title='bbox 477 2125 578 2209; x_wconf 75' lang='lat' dir='ltr'>celsa</span> <span class='ocrx_word' id='word_1_127' title='bbox 570 2145 601 2183; x_wconf 91' lang='grc' dir='ltr'>ιιι</span> <span class='ocrx_word' id='word_1_128' title='bbox 616 2145 676 2202; x_wconf 91' lang='lat' dir='ltr'>pup</span> <span class='ocrx_word' id='word_1_129' title='bbox 691 2125 716 2199; x_wconf 92' lang='lat' dir='ltr'>i,</span> <span class='ocrx_word' id='word_1_130' title='bbox 730 2127 816 2236; x_wconf 86' lang='lat' dir='ltr'>Jam</span> <span class='ocrx_word' id='word_1_131' title='bbox 807 2135 903 2184; x_wconf 89' lang='lat' dir='ltr'>certus</span> <span class='ocrx_word' id='word_1_132' title='bbox 918 2078 1041 2228; x_wconf 62' lang='lat' dir='ltr'>eJrndls</span> 
     </span>
     <span class='ocr_line' id='line_1_20' title="bbox 305 2200 974 2320; baseline -0.003 -40"><span class='ocrx_word' id='word_1_133' title='bbox 305 2220 454 2320; x_wconf 85' lang='lat' dir='ltr'>Carpebat</span> <span class='ocrx_word' id='word_1_134' title='bbox 468 2238 599 2294; x_wconf 77' lang='lat' dir='ltr'>sompoS,</span> <span class='ocrx_word' id='word_1_135' title='bbox 614 2220 666 2297; x_wconf 88' lang='lat' dir='ltr'>reb</span> <span class='ocrx_word' id='word_1_136' title='bbox 713 2219 782 2303; x_wconf 91' lang='lat' dir='ltr'>jam</span> <span class='ocrx_word' id='word_1_137' title='bbox 790 2200 844 2278; x_wconf 86' lang='lat' dir='ltr'>rite</span> <span class='ocrx_word' id='word_1_138' title='bbox 858 2230 974 2314; x_wconf 80' lang='lat' dir='ltr'>paratis.</span> 
     </span>
     <span class='ocr_line' id='line_1_21' title="bbox 305 2279 986 2373; baseline -0.003 -1"><span class='ocrx_word' id='word_1_139' title='bbox 305 2312 387 2373; x_wconf 90' lang='lat' dir='ltr'>Huic</span> <span class='ocrx_word' id='word_1_140' title='bbox 401 2331 433 2373; x_wconf 92' lang='lat' dir='ltr'>se</span> <span class='ocrx_word' id='word_1_141' title='bbox 447 2313 541 2373; x_wconf 87' lang='lat' dir='ltr'>forma</span> <span class='ocrx_word' id='word_1_142' title='bbox 555 2310 603 2373; x_wconf 91' lang='lat' dir='ltr'>dei</span> <span class='ocrx_word' id='word_1_143' title='bbox 617 2288 700 2372; x_wconf 86' lang='lat' dir='ltr'>vultu</span> <span class='ocrx_word' id='word_1_144' title='bbox 713 2310 864 2372; x_wconf 90' lang='lat' dir='ltr'>redeuntis</span> <span class='ocrx_word' id='word_1_145' title='bbox 879 2279 986 2372; x_wconf 90' lang='lat' dir='ltr'>eodem</span> 
     </span>
     <span class='ocr_line' id='line_1_22' title="bbox 230 2375 1105 2515; baseline -0.002 -48"><span class='ocrx_word' id='word_1_146' title='bbox 230 2472 232 2476; x_wconf 61' lang='grc'><strong>,</strong></span> <span class='ocrx_word' id='word_1_147' title='bbox 304 2406 444 2483; x_wconf 86' lang='lat' dir='ltr'>Obtulit</span> <span class='ocrx_word' id='word_1_148' title='bbox 434 2426 464 2465; x_wconf 90' lang='lat' dir='ltr'>m</span> <span class='ocrx_word' id='word_1_149' title='bbox 478 2406 603 2515; x_wconf 67' lang='lat' dir='ltr'>somnis,</span> <span class='ocrx_word' id='word_1_150' title='bbox 677 2423 771 2490; x_wconf 92' lang='lat' dir='ltr'>usque</span> <span class='ocrx_word' id='word_1_151' title='bbox 785 2375 826 2464; x_wconf 84' lang='lat' dir='ltr'>ita</span> <span class='ocrx_word' id='word_1_152' title='bbox 838 2380 905 2465; x_wconf 90' lang='lat' dir='ltr'>visa</span> <span class='ocrx_word' id='word_1_153' title='bbox 917 2424 1038 2465; x_wconf 91' lang='lat' dir='ltr'>monere</span> <span class='ocrx_word' id='word_1_154' title='bbox 1053 2415 1105 2480; x_wconf 86' lang='lat' dir='ltr'>est,</span> 
     </span>
     <span class='ocr_line' id='line_1_23' title="bbox 304 2381 1181 2613; baseline -0.002 -52"><span class='ocrx_word' id='word_1_155' title='bbox 304 2484 579 2613; x_wconf 47' lang='lat' dir='ltr'>Omma&#39;13Mffluii9</span> <span class='ocrx_word' id='word_1_156' title='bbox 591 2381 702 2593; x_wconf 59' lang='lat' dir='ltr'>¹simiis</span> <span class='ocrx_word' id='word_1_157' title='bbox 717 2468 882 2578; x_wconf 86' lang='lat' dir='ltr'>vocemque</span> <span class='ocrx_word' id='word_1_158' title='bbox 897 2468 1085 2581; x_wconf 70' lang='lat' dir='ltr'>coloiepugue</span> <span class='ocrx_word' id='word_1_159' title='bbox 1176 2566 1181 2585; x_wconf 23' lang='lat' dir='ltr'><em>X</em></span> 
     </span>
     <span class='ocr_line' id='line_1_24' title="bbox 305 2562 1048 2685; baseline -0.006 -32"><span class='ocrx_word' id='word_1_160' title='bbox 305 2595 343 2653; x_wconf 89' lang='lat' dir='ltr'>Et</span> <span class='ocrx_word' id='word_1_161' title='bbox 358 2590 453 2653; x_wconf 89' lang='lat' dir='ltr'>crin¹es</span> <span class='ocrx_word' id='word_1_162' title='bbox 467 2594 560 2651; x_wconf 87' lang='lat' dir='ltr'>flavos</span> <span class='ocrx_word' id='word_1_163' title='bbox 575 2602 605 2651; x_wconf 91' lang='lat' dir='ltr'>et</span> <span class='ocrx_word' id='word_1_164' title='bbox 619 2564 875 2651; x_wconf 72' lang='lat' dir='ltr'>membiaiiecora</span> <span class='ocrx_word' id='word_1_165' title='bbox 887 2562 1048 2685; x_wconf 43' lang='lat' dir='ltr'>Jquentass</span> 
     </span>
     <span class='ocr_line' id='line_1_25' title="bbox 304 2654 1056 2778; baseline -0.001 -33"><span class='ocrx_word' id='word_1_166' title='bbox 304 2689 383 2746; x_wconf 90' lang='lat' dir='ltr'>Nate</span> <span class='ocrx_word' id='word_1_167' title='bbox 397 2654 462 2759; x_wconf 76' lang='lat' dir='ltr'>ilea,</span> <span class='ocrx_word' id='word_1_168' title='bbox 477 2669 572 2778; x_wconf 84' lang='lat' dir='ltr'>poies</span> <span class='ocrx_word' id='word_1_169' title='bbox 579 2686 637 2745; x_wconf 91' lang='lat' dir='ltr'>hoc</span> <span class='ocrx_word' id='word_1_170' title='bbox 651 2686 705 2744; x_wconf 93' lang='lat' dir='ltr'>sub</span> <span class='ocrx_word' id='word_1_171' title='bbox 720 2659 791 2744; x_wconf 71' lang='lat' dir='ltr'>enisu</span> <span class='ocrx_word' id='word_1_172' title='bbox 799 2663 912 2771; x_wconf 91' lang='lat' dir='ltr'>ducere</span> <span class='ocrx_word' id='word_1_173' title='bbox 919 2704 1056 2759; x_wconf 68' lang='lat' dir='ltr'>somnos</span> 
     </span>
     <span class='ocr_line' id='line_1_26' title="bbox 304 2745 1127 2855; baseline -0.001 -18"><span class='ocrx_word' id='word_1_174' title='bbox 304 2781 378 2852; x_wconf 90' lang='lat' dir='ltr'>Nec,</span> <span class='ocrx_word' id='word_1_175' title='bbox 395 2798 470 2855; x_wconf 90' lang='lat' dir='ltr'>quae</span> <span class='ocrx_word' id='word_1_176' title='bbox 485 2790 514 2839; x_wconf 92' lang='lat' dir='ltr'>te</span> <span class='ocrx_word' id='word_1_177' title='bbox 530 2778 639 2838; x_wconf 90' lang='lat' dir='ltr'>circum</span> <span class='ocrx_word' id='word_1_178' title='bbox 654 2788 732 2837; x_wconf 93' lang='lat' dir='ltr'>stent</span> <span class='ocrx_word' id='word_1_179' title='bbox 746 2745 854 2838; x_wconf 85' lang='lat' dir='ltr'>deiirde</span> <span class='ocrx_word' id='word_1_180' title='bbox 869 2776 1007 2854; x_wconf 87' lang='lat' dir='ltr'>pericula,</span> <span class='ocrx_word' id='word_1_181' title='bbox 1023 2777 1127 2853; x_wconf 88' lang='lat' dir='ltr'>cernis,</span> 
     </span>
     <span class='ocr_line' id='line_1_27' title="bbox 304 2870 1088 2949; baseline 0.003 -20"><span class='ocrx_word' id='word_1_182' title='bbox 304 2874 445 2945; x_wconf 83' lang='lat' dir='ltr'>Demens,</span> <span class='ocrx_word' id='word_1_183' title='bbox 462 2891 519 2931; x_wconf 91' lang='lat' dir='ltr'>nec</span> <span class='ocrx_word' id='word_1_184' title='bbox 532 2871 684 2949; x_wconf 87' lang='lat' dir='ltr'>Zephyros</span> <span class='ocrx_word' id='word_1_185' title='bbox 698 2870 782 2931; x_wconf 89' lang='lat' dir='ltr'>audis</span> <span class='ocrx_word' id='word_1_186' title='bbox 797 2870 906 2948; x_wconf 86' lang='lat' dir='ltr'>spirare</span> <span class='ocrx_word' id='word_1_187' title='bbox 921 2873 1088 2933; x_wconf 83' lang='lat' dir='ltr'>secundos?</span> 
     </span>
     <span class='ocr_line' id='line_1_28' title="bbox 304 2962 1025 3070; baseline 0.003 -48"><span class='ocrx_word' id='word_1_188' title='bbox 304 2965 362 3024; x_wconf 88' lang='lat' dir='ltr'>Illa</span> <span class='ocrx_word' id='word_1_189' title='bbox 376 2964 462 3025; x_wconf 92' lang='lat' dir='ltr'>dolos</span> <span class='ocrx_word' id='word_1_190' title='bbox 474 2964 632 3070; x_wconf 81' lang='lat' dir='ltr'>dirumque</span> <span class='ocrx_word' id='word_1_191' title='bbox 646 2962 751 3025; x_wconf 86' lang='lat' dir='ltr'>nefas</span> <span class='ocrx_word' id='word_1_192' title='bbox 743 2984 775 3023; x_wconf 91' lang='grc' dir='ltr'>ιιι</span> <span class='ocrx_word' id='word_1_193' title='bbox 789 2975 908 3041; x_wconf 87' lang='lat' dir='ltr'>pectore</span> <span class='ocrx_word' id='word_1_194' title='bbox 921 2975 1025 3038; x_wconf 89' lang='lat' dir='ltr'>versat,</span> 
     </span>
     <span class='ocr_line' id='line_1_29' title="bbox 304 3056 1008 3135; baseline -0.003 -16"><span class='ocrx_word' id='word_1_195' title='bbox 304 3059 394 3119; x_wconf 87' lang='lat' dir='ltr'>Certa</span> <span class='ocrx_word' id='word_1_196' title='bbox 407 3056 490 3130; x_wconf 91' lang='lat' dir='ltr'>mori,</span> <span class='ocrx_word' id='word_1_197' title='bbox 505 3058 646 3134; x_wconf 85' lang='lat' dir='ltr'>varioque</span> <span class='ocrx_word' id='word_1_198' title='bbox 660 3057 767 3117; x_wconf 86' lang='lat' dir='ltr'>irarum</span> <span class='ocrx_word' id='word_1_199' title='bbox 781 3057 903 3135; x_wconf 88' lang='lat' dir='ltr'>fluctuat</span> <span class='ocrx_word' id='word_1_200' title='bbox 917 3068 1008 3133; x_wconf 74' lang='lat' dir='ltr'>aestu.</span> 
     </span>
     <span class='ocr_line' id='line_1_30' title="bbox 234 3149 1173 3230; baseline 0.003 -22"><span class='ocrx_word' id='word_1_201' title='bbox 234 3162 237 3167; x_wconf 88' lang='grc'><em>·</em></span> <span class='ocrx_word' id='word_1_202' title='bbox 304 3152 376 3209; x_wconf 89' lang='grc' dir='ltr'>Νοιι</span> <span class='ocrx_word' id='word_1_203' title='bbox 390 3149 466 3227; x_wconf 86' lang='lat' dir='ltr'>fugis</span> <span class='ocrx_word' id='word_1_204' title='bbox 481 3150 552 3209; x_wconf 92' lang='lat' dir='ltr'>hinc</span> <span class='ocrx_word' id='word_1_205' title='bbox 565 3169 715 3230; x_wconf 89' lang='lat' dir='ltr'>praeceps,</span> <span class='ocrx_word' id='word_1_206' title='bbox 731 3151 802 3211; x_wconf 90' lang='lat' dir='ltr'>dum</span> <span class='ocrx_word' id='word_1_207' title='bbox 816 3149 1008 3227; x_wconf 78' lang='lat' dir='ltr'>praecipitare</span> <span class='ocrx_word' id='word_1_208' title='bbox 1022 3160 1076 3227; x_wconf 91' lang='lat' dir='ltr'>pot</span> <span class='ocrx_word' id='word_1_209' title='bbox 1064 3152 1173 3212; x_wconf 85' lang='lat' dir='ltr'>testas?</span> 
     </span>
     <span class='ocr_line' id='line_1_31' title="bbox 302 3242 1048 3320; baseline 0.001 -18"><span class='ocrx_word' id='word_1_210' title='bbox 302 3245 371 3319; x_wconf 87' lang='lat' dir='ltr'>Jam</span> <span class='ocrx_word' id='word_1_211' title='bbox 385 3261 465 3302; x_wconf 89' lang='lat' dir='ltr'>mare</span> <span class='ocrx_word' id='word_1_212' title='bbox 479 3242 588 3302; x_wconf 89' lang='lat' dir='ltr'>turbari</span> <span class='ocrx_word' id='word_1_213' title='bbox 602 3244 742 3318; x_wconf 87' lang='lat' dir='ltr'>trabibus,</span> <span class='ocrx_word' id='word_1_214' title='bbox 759 3262 919 3320; x_wconf 88' lang='lat' dir='ltr'>saevasque</span> <span class='ocrx_word' id='word_1_215' title='bbox 933 3243 1048 3303; x_wconf 90' lang='lat' dir='ltr'>videbis</span> 
     </span>
     <span class='ocr_line' id='line_1_32' title="bbox 305 3335 1011 3421; baseline -0.001 -25"><span class='ocrx_word' id='word_1_216' title='bbox 305 3335 460 3396; x_wconf 90' lang='lat' dir='ltr'>Collucere</span> <span class='ocrx_word' id='word_1_217' title='bbox 474 3336 586 3421; x_wconf 83' lang='lat' dir='ltr'>faces,</span> <span class='ocrx_word' id='word_1_218' title='bbox 576 3356 637 3414; x_wconf 86' lang='lat' dir='ltr'>Jam</span> <span class='ocrx_word' id='word_1_219' title='bbox 651 3338 763 3396; x_wconf 85' lang='lat' dir='ltr'>fervere</span> <span class='ocrx_word' id='word_1_220' title='bbox 776 3336 863 3397; x_wconf 85' lang='lat' dir='ltr'>litora</span> <span class='ocrx_word' id='word_1_221' title='bbox 876 3335 1011 3409; x_wconf 71' lang='lat' dir='ltr'>flammis</span> 
     </span>
     <span class='ocr_line' id='line_1_33' title="bbox 304 3428 993 3506; baseline 0 -19"><span class='ocrx_word' id='word_1_222' title='bbox 304 3428 334 3487; x_wconf 89' lang='lat' dir='ltr'>Si</span> <span class='ocrx_word' id='word_1_223' title='bbox 349 3438 378 3487; x_wconf 92' lang='lat' dir='ltr'>te</span> <span class='ocrx_word' id='word_1_224' title='bbox 392 3428 438 3487; x_wconf 91' lang='lat' dir='ltr'>his</span> <span class='ocrx_word' id='word_1_225' title='bbox 452 3428 580 3506; x_wconf 90' lang='lat' dir='ltr'>attigerit</span> <span class='ocrx_word' id='word_1_226' title='bbox 594 3429 676 3489; x_wconf 91' lang='lat' dir='ltr'>terris</span> <span class='ocrx_word' id='word_1_227' title='bbox 690 3432 808 3489; x_wconf 87' lang='lat' dir='ltr'>Aurora</span> <span class='ocrx_word' id='word_1_228' title='bbox 820 3439 993 3495; x_wconf 90' lang='lat' dir='ltr'>morantem</span> 
     </span>
     <span class='ocr_line' id='line_1_34' title="bbox 304 3520 1166 3628; baseline 0.003 -49"><span class='ocrx_word' id='word_1_229' title='bbox 304 3522 362 3598; x_wconf 87' lang='lat' dir='ltr'>EJ&#39;a</span> <span class='ocrx_word' id='word_1_230' title='bbox 374 3540 441 3598; x_wconf 86' lang='lat' dir='ltr'>age,</span> <span class='ocrx_word' id='word_1_231' title='bbox 443 3541 557 3599; x_wconf 90' lang='lat' dir='ltr'>rumpe</span> <span class='ocrx_word' id='word_1_232' title='bbox 571 3541 676 3628; x_wconf 43' lang='lat' dir='ltr'>mo3ras.</span> <span class='ocrx_word' id='word_1_233' title='bbox 713 3522 836 3582; x_wconf 88' lang='lat' dir='ltr'>Varium</span> <span class='ocrx_word' id='word_1_234' title='bbox 851 3534 880 3582; x_wconf 88' lang='lat' dir='ltr'>et</span> <span class='ocrx_word' id='word_1_235' title='bbox 894 3520 1043 3625; x_wconf 56' lang='lat' dir='ltr'>mupabile</span> <span class='ocrx_word' id='word_1_236' title='bbox 1050 3540 1166 3601; x_wconf 92' lang='lat' dir='ltr'>semper</span> 
     </span>
     <span class='ocr_line' id='line_1_35' title="bbox 305 3584 1070 3721; baseline 0.003 -49"><span class='ocrx_word' id='word_1_237' title='bbox 305 3613 448 3684; x_wconf 79' lang='lat' dir='ltr'>Femina</span> <span class='ocrx_word' id='word_1_238' title='bbox 478 3614 526 3675; x_wconf 90' lang='lat' dir='ltr'>Sic</span> <span class='ocrx_word' id='word_1_239' title='bbox 540 3600 629 3674; x_wconf 86' lang='lat' dir='ltr'>satus</span> <span class='ocrx_word' id='word_1_240' title='bbox 625 3613 712 3674; x_wconf 90' lang='lat' dir='ltr'>nocti</span> <span class='ocrx_word' id='word_1_241' title='bbox 726 3634 758 3674; x_wconf 94' lang='lat' dir='ltr'>se</span> <span class='ocrx_word' id='word_1_242' title='bbox 773 3584 932 3706; x_wconf 68' lang='lat' dir='ltr'>inuniscuit</span> <span class='ocrx_word' id='word_1_243' title='bbox 944 3624 1070 3721; x_wconf 49' lang='lat' dir='ltr'>thrae!</span> 
     </span>
     <span class='ocr_line' id='line_1_36' title="bbox 344 3685 1068 3782; baseline 0.003 -17"><span class='ocrx_word' id='word_1_244' title='bbox 344 3708 422 3765; x_wconf 87' lang='lat' dir='ltr'>Tum</span> <span class='ocrx_word' id='word_1_245' title='bbox 436 3726 508 3768; x_wconf 90' lang='lat' dir='ltr'>vero</span> <span class='ocrx_word' id='word_1_246' title='bbox 521 3685 649 3780; x_wconf 84' lang='lat' dir='ltr'>Aeireas,</span> <span class='ocrx_word' id='word_1_247' title='bbox 664 3694 768 3767; x_wconf 90' lang='lat' dir='ltr'>subitis</span> <span class='ocrx_word' id='word_1_248' title='bbox 782 3707 934 3767; x_wconf 88' lang='lat' dir='ltr'>exterritus</span> <span class='ocrx_word' id='word_1_249' title='bbox 947 3707 1068 3782; x_wconf 89' lang='lat' dir='ltr'>umbris,</span> 
     </span>
     <span class='ocr_line' id='line_1_37' title="bbox 297 3786 1009 3879; baseline 0 -20"><span class='ocrx_word' id='word_1_250' title='bbox 297 3786 433 3876; x_wconf 61' lang='lat' dir='ltr'>*Corripit</span> <span class='ocrx_word' id='word_1_251' title='bbox 447 3819 464 3859; x_wconf 92' lang='lat' dir='ltr'>e</span> <span class='ocrx_word' id='word_1_252' title='bbox 478 3818 584 3861; x_wconf 91' lang='lat' dir='ltr'>somno</span> <span class='ocrx_word' id='word_1_253' title='bbox 598 3818 705 3877; x_wconf 87' lang='lat' dir='ltr'>corpus</span> <span class='ocrx_word' id='word_1_254' title='bbox 719 3800 875 3877; x_wconf 91' lang='lat' dir='ltr'>sociosque</span> <span class='ocrx_word' id='word_1_255' title='bbox 889 3799 1009 3879; x_wconf 77' lang='lat' dir='ltr'>fatigat,</span> 
     </span>
    </p>
   </div>
   <div class='ocr_carea' id='block_1_3' title="bbox 0 0 1514 4700">
    <p class='ocr_par' dir='ltr' id='par_1_3' title="bbox 0 0 1514 4700">
     <span class='ocr_line' id='line_1_38' title="bbox 0 0 1514 4700; baseline 0 0"><span class='ocrx_word' id='word_1_256' title='bbox 0 0 1514 4700; x_wconf 95' lang='lat' dir='ltr'> </span> 
     </span>
    </p>
   </div>
  </div>
 </body>
</html>
