3017 4700
310 439 346 496 9²
381 425 383 430 '
621 434 647 478 P.
667 433 800 478 v1RG1L11
821 434 962 479 unnours

309 579 416 658 Spicea
427 581 489 656 jam
504 579 615 658 campis
630 599 721 657 quum
735 578 838 640 messis
853 580 1004 653 inhorruit,
1020 590 1050 640 et
1064 599 1156 658 quum

310 676 469 733 Frumenta
482 672 512 732 in
526 673 611 733 viridi
624 673 733 750 stipula
745 673 885 734 lactentia
899 675 1035 750 turgent?

311 769 406 844 Saepe
421 786 485 843 ego,
501 786 592 843 quum
606 767 689 827 flavis
703 785 864 827 messorem
878 765 1030 827 induceret
1044 767 1119 829 arvis

310 860 449 937 Agricola
462 870 491 920 et
504 859 597 937 fragili
609 862 671 937 jam
686 859 839 936 stringeret
852 860 965 920 hordea
979 861 1086 934 culmo,

310 952 420 1013 Omnia
433 964 588 1014 ventorum
601 971 775 1014 concurrere
789 951 902 1029 proelia
915 951 984 1026 vidi,

310 1047 395 1121 Quae
409 1044 559 1126 gravidam
573 1046 632 1105 late
647 1055 777 1122 segetem
792 1045 830 1104 ab
844 1045 991 1122 radicibus
1005 1045 1071 1104 imis

309 1138 471 1199 Sublimem
485 1139 639 1215 expulsam
652 1148 805 1213 eruerent;
826 1137 867 1198 ita
880 1137 997 1198 turbine
1011 1139 1095 1215 nigro
1125 1131 1129 1140 ’

309 1233 410 1292 Ferret
423 1231 517 1291 hiems
532 1233 721 1310 culmumque
735 1233 830 1292 levem
846 1230 1025 1312 stipulasque
1039 1232 1180 1292 volantes.

310 1326 406 1401 Saepe
421 1324 510 1384 etiam
523 1324 701 1384 immensum
715 1325 802 1384 coelo
815 1323 897 1384 venit
911 1343 1016 1400 agmen
1031 1343 1181 1401 aquarum,

310 1421 350 1478 Et
364 1419 482 1478 foedam
496 1419 661 1494 glomerant
675 1427 881 1494 tempestatem
895 1417 1037 1478 imbribus
1052 1417 1120 1478 atris

310 1512 462 1573 Collectae
476 1529 514 1570 ex
527 1511 587 1570 alto
601 1511 714 1584 nubes;
734 1509 792 1570 ruit
809 1511 915 1571 arduus
930 1513 1039 1585 aether,

310 1607 349 1664 Et
362 1603 462 1680 pluvia
475 1602 587 1680 ingenti
601 1614 665 1662 sata
678 1604 756 1663 laeta
769 1604 919 1680 boumque
933 1604 1049 1664 labores

310 1697 423 1771 Diluit;
444 1696 603 1773 implentur
615 1697 720 1770 fossae,
736 1707 766 1756 et
780 1714 853 1756 cava
866 1696 988 1756 fiumina
1001 1709 1137 1758 crescunt

310 1792 388 1851 Cum
402 1789 509 1863 sonitu,
525 1791 674 1866 fervetque
688 1789 770 1850 fretis
785 1789 961 1866 spirantibus
976 1809 1093 1866 aequor.
1157 1867 1160 1876 A

310 1886 380 1960 Ipse
395 1886 482 1944 Pater
495 1882 594 1942 media
607 1882 776 1942 nimborum
790 1881 820 1942 in
835 1894 923 1943 nocte
938 1902 1061 1943 corusca

310 1976 448 2036 Fulmina
461 1975 579 2037 molitur
592 1977 713 2050 dextra3
732 1969 792 2053 qud
807 1975 935 2036 maxima
949 1988 1032 2036 motu

309 2072 402 2129 Terra
415 2069 521 2143 tremit,
537 2070 635 2146 fugere
649 2069 737 2143 ferae,
753 2079 783 2128 et
797 2069 932 2129 mortalia
945 2070 1036 2129 corda

310 2165 367 2222 Per
379 2173 483 2239 gentes
497 2163 615 2223 humilis
629 2162 730 2222 stravit
744 2180 855 2239 pavor;
875 2162 924 2222 ille
939 2162 1071 2240 flagranti

309 2259 370 2316 Aut
383 2258 496 2330 Athon,
512 2268 563 2316 aut
577 2256 758 2333 Rhodopen,
774 2265 825 2315 aut
839 2256 899 2315 alta
913 2255 1061 2316 Ceraunia
1074 2256 1135 2316 telo

310 2349 439 2427 Dejicit3
459 2337 642 2427 ingeminant
656 2348 746 2409 austri
761 2360 790 2425 et
804 2348 995 2409 densissimus
1009 2349 1121 2425 imber3

310 2446 399 2502 Nunc
413 2463 536 2503 nemora
549 2443 662 2519 ingenti
675 2454 773 2516 vento,
789 2462 868 2503 nunc
883 2442 969 2503 litora
982 2445 1134 2521 plangunt.

311 2538 381 2595 Hoc
395 2547 539 2608 metuens,
555 2535 631 2596 coeli
646 2554 763 2595 menses
777 2546 807 2595 et
821 2535 918 2595 sidera
931 2554 1022 2610 serva,
1135 2539 1138 2548 '

310 2628 429 2705 Frigida
442 2627 557 2689 Saturni
572 2647 636 2689 sese
651 2647 711 2705 quo
726 2629 811 2688 stella
824 2639 963 2706 receptet,

310 2723 395 2796 Quos
408 2720 485 2797 ignis
500 2719 575 2780 coeli
591 2721 742 2799 Cyllenius
757 2732 832 2781 erret
846 2721 876 2780 in
891 2723 985 2782 orbes.

310 2818 346 2874 In
362 2814 463 2891 primis
476 2833 615 2874 venerare
626 2814 711 2887 deos,
727 2825 816 2891 atque
831 2833 930 2874 annua
944 2833 1067 2891 magnae

309 2910 398 2968 Sacra
411 2908 486 2967 refer
500 2906 599 2968 Cereri
613 2906 697 2967 laetis
711 2918 849 2984 operatus
862 2906 893 2966 in
908 2907 1014 2981 herbis,

310 3003 466 3061 Extremae
481 3002 536 3060 sub
550 3009 651 3059 ¹casum
665 2999 779 3074 hiemis,
793 3002 855 3076 jam
869 3018 937 3060 vere
951 3018 1065 3061 sereno.

309 3096 388 3153 Tum
402 3092 526 3170 pingues
540 3092 617 3169 agni,
633 3102 664 3152 et
678 3102 741 3153 tum
755 3092 930 3153 mollissima
942 3094 1031 3167 vina3

309 3189 388 3246 Tum
403 3186 499 3268 somni
513 3186 615 3246 dulces
629 3187 799 3261 densaeque
814 3186 844 3244 in
859 3186 1009 3246 montibus
1023 3187 1152 3247 umbrae.

310 3282 427 3341 Cuncta
440 3278 494 3339 tibi
510 3280 648 3339 Cererem
662 3280 757 3355 pubes
772 3278 892 3356 agrestis
907 3279 1019 3354 adoret,

310 3371 367 3433 Cui
381 3383 413 3432 tu
427 3374 503 3431 lacte
517 3372 599 3431 favos
614 3381 644 3431 et
657 3370 721 3431 miti
735 3371 815 3431 dilue
831 3372 958 3445 Baccho,

309 3467 427 3542 Terque
441 3484 534 3524 novas
548 3464 657 3525 circum
672 3464 741 3524 felix
755 3475 803 3524 eat
817 3462 914 3523 hostia
928 3465 1033 3540 fruges

248 3626 254 3644 Ι
308 3558 416 3619 Omnis
431 3576 521 3634 quam
534 3558 641 3617 chorus
655 3567 685 3617 et
699 3556 772 3617 socii
787 3556 965 3616 comitentur
978 3566 1110 3632 ovantes,

309 3654 349 3713 Et
363 3653 501 3712 Cererem
515 3652 645 3710 clamore
659 3660 766 3711 vocent
780 3648 810 3708 in
824 3659 922 3723 tecta;
942 3667 1039 3725 neque
1055 3662 1123 3711 ante

310 3746 430 3805 Falcem
444 3744 566 3804 maturis
580 3742 736 3819 quisquam
750 3752 899 3819 supponat
912 3740 1014 3813 aristis,

309 3838 408 3913 Quam
424 3836 525 3907 Cereri
537 3847 614 3896 torta
627 3834 778 3897 redimitus
792 3844 926 3911 tempora
940 3852 1050 3908 quercu
