3017 4700
318 427 357 484 88
637 440 814 484 P.V1RG1L11
837 440 978 485 nunonis

319 590 357 646 In
371 585 467 646 burim
482 596 512 647 et
526 585 606 646 curvi
621 588 745 647 formam
761 585 868 663 accipit
881 588 978 645 ulmus
990 585 1082 647 aratri.
1098 641 1101 648 .

319 679 402 740 Huic
417 680 455 740 ab
470 679 560 758 stirpe
575 681 667 757 pedes
681 690 762 740 temo
776 690 929 756 protentus
943 677 973 738 in
989 689 1066 753 oct0,
1144 725 1147 732 .

319 774 412 833 Binae
427 793 520 848 aureS,
535 773 645 850 duplici
660 783 798 850 aptantur
811 771 941 832 dentalia
954 773 1051 833 dorso.

320 866 462 928 Caeditur
476 877 506 927 et
519 866 583 926 tilia
597 877 665 926 ante
678 868 749 943 jugo
764 863 844 940 levis,
861 866 978 941 altaque
992 867 1074 942 fagus

321 958 470 1036 Stivaque,
487 980 564 1037 quae
579 979 680 1020 cursus
695 978 713 1019 a
726 969 816 1035 tergo.
824 968 961 1035 torqueat
975 959 1069 1034 imos3

321 1055 360 1113 Et
375 1066 519 1131 suspensa
532 1053 606 1113 focis
620 1054 753 1129 explorat
768 1052 874 1111 robora
887 1052 992 1111 fumus.

361 1149 487 1206 Possum
502 1148 596 1206 multa
609 1145 663 1205 tibi
677 1156 809 1205 veterum
823 1155 981 1221 praecepta
994 1145 1109 1219 referre,

321 1239 361 1298 Ni
376 1239 483 1316 refugis
498 1250 661 1315 tenuesque
675 1237 756 1315 piget
770 1256 950 1314 cognoscere
964 1257 1056 1297 curas.

319 1335 400 1392 Area
412 1350 481 1391 cum
496 1331 597 1409 primis
611 1330 723 1407 ingenti
738 1330 895 1408 aequanda
909 1329 1042 1407 cylindro

321 1427 359 1485 Et
373 1425 516 1486 vertenda
530 1444 620 1484 manu
635 1433 665 1483 et
679 1434 759 1484 creta
773 1422 930 1483 solidanda
943 1419 1049 1497 tenaci,

322 1521 370 1578 Ne
385 1520 511 1579 subeant
526 1519 642 1592 herbae,
658 1536 718 1577 neu
730 1517 852 1595 pulvere
865 1515 943 1576 victa
956 1516 1079 1576 fatiscat.

321 1613 401 1670 Tum
415 1611 513 1671 variae
527 1611 652 1670 illudant
665 1621 783 1687 pestes:
804 1629 893 1686 saepe
907 1609 1027 1686 exiguus
1041 1629 1107 1670 mus

322 1705 383 1764 Sub
398 1704 481 1764 terris
495 1703 654 1781 posuitque
669 1704 776 1764 domos
791 1714 879 1779 atque
893 1703 999 1762 horrea
1012 1701 1099 1777 fecit3

321 1799 383 1856 Aut
397 1797 491 1856 oculis
505 1796 585 1873 capti
599 1797 699 1856 fodere
714 1795 824 1856 cubilia
837 1797 955 1873 talpae;

322 1892 526 1967 Inventusque
541 1889 621 1950 cavis
634 1889 715 1963 bufo,
731 1900 761 1949 et
776 1908 851 1965 quae
865 1889 992 1965 plurima
1006 1899 1099 1948 terrae

323 1986 460 2043 Monstra
473 1984 589 2057 ferunt3
609 1983 792 2060 populatque
806 1981 957 2058 ingentem
971 1981 1053 2042 farris
1067 2001 1204 2042 acervum
1264 2014 1271 2040 ι

324 2065 472 2150 Curculio,
489 2087 578 2153 atque
592 2075 675 2152 inopi
689 2086 824 2136 metuens
839 2075 963 2135 formica
978 2086 1122 2135 senectae.

324 2170 551 2247 Contemplator
565 2169 644 2243 item,
660 2188 752 2246 quum
767 2188 800 2228 se
814 2188 874 2228 nux
888 2167 1013 2245 plurima
1028 2167 1108 2228 silvis

323 2263 434 2323 Induet
448 2262 478 2322 in
493 2265 595 2323 florem
610 2272 639 2322 et
653 2281 750 2322 ramos
765 2260 896 2321 curvabit
911 2262 1043 2320 olentes:

325 2358 357 2417 Si
371 2368 512 2434 superant
526 2358 611 2430 fetus,
626 2356 736 2433 pariter
748 2356 894 2415 frumenta
908 2366 1074 2433 sequentur,

324 2452 496 2527 Magnaque
512 2469 580 2510 cum
594 2468 703 2526 magno
716 2449 817 2508 veniet
831 2448 932 2508 tritura
945 2450 1063 2524 calore,

323 2545 365 2602 At
378 2542 404 2602 si
418 2542 532 2602 luxuria
545 2542 683 2603 foliorum
698 2542 838 2602 exuberat
852 2542 964 2615 umbra,

324 2635 536 2712 Nequidquam
551 2635 675 2712 pingues
688 2635 775 2712 palea
789 2645 863 2695 teret
877 2654 944 2694 area
958 2635 1080 2695 culmos.

324 2728 444 2788 Semina
457 2728 517 2787 vidi
533 2728 671 2805 equidem
685 2729 795 2788 multos
809 2726 956 2787 medicare
972 2738 1102 2789 serentes

325 2823 364 2880 Et
379 2821 456 2881 nitro
470 2821 550 2899 prius
564 2833 594 2881 et
607 2821 691 2899 nigra
704 2822 879 2898 perfundere
894 2840 1021 2896 amurca,

325 2914 474 2974 Grandior
487 2925 520 2974 ut
533 2915 609 2974 fetus
624 2914 736 2991 siliquis
750 2914 904 2975 fallacibus
919 2926 1005 2987 esset,

325 3008 372 3080 Et,
388 3008 522 3083 quamvis
535 3007 596 3085 igni
610 3008 725 3086 exiguo,
740 3018 897 3085 properata
910 3007 1071 3067 maderent.

324 3098 395 3159 Vidi
410 3099 488 3159 lecta
501 3100 552 3160 diu
567 3111 596 3161 et
610 3102 703 3161 multo
718 3106 852 3179 spectata
865 3102 966 3161 labore
985 3123 987 3127 ·

325 3193 513 3268 Degenerare
527 3205 635 3268 tamen,
651 3194 682 3253 ni
696 3194 740 3255 vis
754 3196 885 3254 humana
899 3203 973 3271 quot
987 3192 1072 3253 annis

326 3284 459 3345 Maxima
473 3305 608 3364 quaeque
622 3307 711 3347 manu
726 3289 841 3364 legeret.
886 3287 934 3348 Sic
949 3286 1049 3347 omnia
1062 3285 1128 3346 fatis

325 3380 362 3436 In
377 3381 462 3455 pejus
476 3399 568 3454 ruere,
584 3399 619 3440 ac
633 3391 709 3441 retro
724 3382 863 3458 sublapsa
876 3380 994 3456 referri3
1262 3410 1300 3437 ,ω

326 3473 397 3530 Non
412 3471 503 3546 aliter,
519 3492 608 3549 quam
623 3473 673 3550 qui
688 3475 813 3534 adverso
827 3473 876 3533 vix
889 3472 1010 3533 flumine
1025 3474 1155 3533 lembum

326 3564 470 3641 Remigiis
484 3565 600 3642 subigit,
617 3566 642 3625 si
655 3566 778 3626 brachia
791 3568 865 3627 forte
880 3566 999 3640 remisit,

325 3659 425 3733 Atque
439 3648 520 3716 illum
535 3657 564 3717 in
580 3678 722 3737 praeceps
736 3678 832 3736 prono
847 3658 924 3737 rapit
936 3660 1036 3719 alveus
1050 3658 1137 3719 amni.

365 3751 523 3809 Praeterea
536 3760 596 3811 tarn
611 3762 679 3814 sunt
691 3752 810 3811 Arcturi
825 3752 921 3812 sidera
934 3752 1021 3812 nobis

327 3843 561 3920 Haedorumque
576 3844 639 3905 dies
653 3846 791 3906 servandi
805 3854 835 3906 et
848 3843 963 3906 lucidus
978 3844 1100 3924 Anguis,
1262 3875 1299 3913 205
