3017 4700
586 425 744 469 AENEIDOS
767 425 825 469 LIB.
848 427 874 468 V.

247 572 378 650 Depulit,
394 583 424 631 et
437 571 525 632 coelo
540 572 662 631 taudem
676 572 829 632 miseratus
843 573 881 632 ab
897 573 957 631 alto
972 582 1025 632 est.

246 665 386 726 Consiliis
400 684 479 741 pare,
495 684 571 740 quae
585 683 666 724 nunc
679 665 876 742 pulcherrima
891 668 1006 724 Nautes

247 761 308 818 Dat
322 758 439 832 senior3
459 759 553 817 lectos
565 759 698 834 juvenes,
713 758 872 818 fortissima
885 759 983 832 corda,

247 853 338 911 Defer
352 852 383 909 in
399 851 535 924 Italiam3
556 870 629 928 gens
643 852 717 910 dura
730 862 819 927 atque
834 870 938 928 aspera
951 853 1031 910 cultu
1184 881 1221 917 730

247 945 434 1004 Debellanda
447 943 503 1004 tibi
517 943 605 1004 Latio
619 956 670 1004 est
715 943 794 1004 Ditis
809 955 907 1005 tamen
923 953 991 1004 ante

246 1039 381 1097 Infernas
396 1037 505 1097 accede
520 1038 636 1112 domos,
654 1047 684 1097 et
697 1039 818 1098 Averna
831 1057 884 1114 per
898 1038 957 1096 alta

246 1132 430 1207 Congressus
444 1141 521 1206 pete,
538 1141 616 1205 nate,
632 1150 723 1190 meos.
768 1133 838 1191 Non
853 1150 901 1190 me
917 1130 1007 1207 impia
1020 1149 1150 1206 namque

245 1225 368 1283 Tartara
381 1225 493 1284 habent
507 1223 643 1284 tristesve
656 1225 786 1296 umbrae,
803 1225 856 1284 sed
871 1241 997 1282 amoena
1010 1223 1126 1300 piorum

246 1316 382 1377 Concilia
397 1317 587 1396 Elysiumque
602 1318 677 1377 colo
722 1320 794 1376 Huc
808 1328 889 1377 casta
903 1316 1013 1394 Sibylla
1184 1347 1220 1385 735

245 1408 403 1486 Nigrarum
417 1411 511 1470 multo
525 1411 674 1487 pecudum
689 1421 718 1470 te
733 1409 876 1487 sanguine
890 1411 985 1469 ducet.

245 1504 324 1562 Tum
338 1522 432 1581 genus
447 1523 534 1563 omne
549 1516 640 1577 tuum,
657 1513 687 1563 et
701 1522 778 1580 quae
793 1504 900 1564 dentur
914 1503 1041 1576 moenia,
1058 1504 1161 1563 disces
1181 1555 1183 1560 ,

244 1597 371 1672 Jamque
385 1597 470 1670 vale,
491 1601 609 1673 totquet
622 1595 738 1656 medios
752 1599 823 1656 Nox
837 1595 959 1654 humida
973 1615 1082 1669 cursus,

246 1691 284 1748 Et
298 1709 346 1748 me
362 1708 466 1748 saevus
480 1690 565 1766 equis
580 1689 689 1750 Oriens
703 1689 813 1748 afflavit
827 1687 949 1750 anhelis.

245 1781 376 1856 Dixerat,
392 1793 423 1842 et
436 1792 540 1842 tenues
549 1782 636 1858 rugit,
652 1802 707 1842 ceu
720 1783 826 1854 fumus,
842 1781 872 1842 in
888 1800 980 1840 auras,

246 1877 373 1948 Aeneas,
390 1876 460 1950 Quo
474 1875 584 1934 deinde
598 1875 678 1934 ruis?
697 1893 758 1951 quo
772 1873 917 1950 proripis?
938 1874 1041 1950 inquit,

246 1967 344 2041 Quem
358 1955 453 2043 fugis?
474 1978 524 2027 aut
539 1967 604 2043 quis
619 1977 648 2026 te
662 1967 770 2026 nostris
786 1966 989 2043 complexibus
1004 1969 1104 2027 arcet?

247 2062 335 2118 Haec
349 2078 515 2119 memorans
529 2060 658 2119 cinerem
673 2071 703 2120 et
717 2058 966 2136 sopitosvsuscitat
980 2058 1071 2136 ignes,

247 2155 499 2230 Pergameumque
516 2155 622 2212 Larem
637 2163 668 2212 et
681 2171 774 2213 canae
790 2152 950 2229 penetralia
963 2154 1073 2212 Vestae

198 2246 200 2249 ’
247 2247 336 2305 Farre
351 2244 401 2322 pio
416 2256 446 2306 et
459 2247 549 2322 plena
563 2247 688 2322 supplex
701 2255 856 2306 veneratur
870 2263 995 2317 acerra„

288 2340 446 2417 Extemplo
460 2339 558 2400 socios
572 2339 759 2417 primumque
774 2338 895 2400 arcessit
909 2341 1048 2414 Acesten,

247 2435 286 2492 Et
299 2433 383 2509 Jovis
397 2433 551 2510 imperium
566 2444 596 2493 et
610 2432 669 2493 cari
683 2444 843 2510 praecepta
856 2432 985 2509 parentis

247 2526 370 2600 Edocet,
387 2537 416 2585 et
431 2546 507 2602 quae
521 2526 714 2600 nunc-animo
726 2525 875 2590 ,sententia
890 2536 1014 2586 constet.
1043 2520 1046 2527 ’

248 2619 339 2677 Haud
354 2638 437 2677 mora
450 2617 589 2691 consiliis,
605 2638 661 2679 nec
674 2621 757 2696 jussa
770 2630 886 2680 recusat
901 2622 1033 2679 Acestes.

245 2711 459 2771 Transcribunt
470 2712 537 2771 urbi
550 2724 666 2785 matres,
683 2714 885 2790 populumque
899 2714 1049 2773 volentem
1121 2777 1126 2801 Ι
1207 2744 1221 2769 0

246 2806 419 2881 Deponunt,
435 2804 550 2864 animos
564 2804 607 2863 nil
620 2824 745 2883 magnae
761 2805 856 2866 laudis
871 2816 999 2882 egentes.

247 2898 310 2975 Ipsi
323 2908 449 2957 transtra
463 2908 582 2972 novant,
599 2898 784 2975 flammisque
799 2900 920 2958 ambesa
935 2912 1082 2974 reponunt

247 2992 370 3050 Robora
383 2990 515 3067 navigiis,
532 3001 635 3067 aptant
649 3010 806 3067 remosque
820 2992 1026 3069 rudentesque,

247 3083 352 3161 Exigui
366 3101 497 3156 numeru,
514 3084 566 3143 sed
580 3084 661 3143 bello
674 3083 775 3143 vivida
787 3083 885 3143 virtus.

249 3179 368 3236 Interea
382 3179 500 3236 Aeneas
514 3177 617 3236 urbem
631 3176 767 3253 designat
781 3187 878 3237 aratro

247 3270 429 3346 Sortiturque
444 3270 570 3343 domos,
589 3270 647 3329 hoc
663 3269 751 3329 Ilium
766 3270 883 3331 ethaeo
898 3271 965 3331 loca
978 3273 1100 3349 Trojam

247 3365 319 3423 Esse
331 3364 424 3439 jubet.
466 3364 586 3424 Gaudet
595 3364 853 3451 regnodTrojanus
869 3366 1001 3438 Acestes,

246 3456 414 3533 Indicitque
429 3457 523 3516 lorum
538 3468 567 3517 et
581 3456 712 3533 patribus
726 3456 779 3516 dat
789 3457 856 3535 jura
868 3456 990 3517 vocatis.

244 3551 323 3609 Tum
337 3548 435 3608 vicina
448 3549 532 3609 astris
547 3549 675 3627 Erycino
689 3549 720 3608 in
734 3549 843 3610 vertice
858 3551 944 3610 sedes

245 3643 398 3702 Fundatur
410 3641 520 3701 Veneri
535 3642 657 3715 Idaliae,
673 3643 846 3719 tumuloque
861 3642 999 3703 sacerdos
1088 3696 1090 3701 .

245 3736 290 3793 Ac
304 3735 388 3794 lucus
402 3735 460 3794 late
475 3753 558 3795 sacer
571 3734 689 3795 additur
702 3735 883 3806 Anchiseo,

283 3830 410 3906 Jamque
425 3827 489 3888 dies
503 3829 621 3906 epulata
634 3847 742 3889 novem
757 3848 830 3905 gens
845 3830 950 3904 omnis,
966 3838 996 3889 et
1010 3826 1066 3889 aris

263 3987 273 4025 Ι
