3017 4700
297 427 353 481 140
363 461 382 501 ο
439 452 442 457 <
608 421 636 466 a.
655 422 788 466 vmcrnrr
810 423 952 467 unuours

333 567 396 628 Hic
410 567 491 628 aliud
505 569 600 647 majus
613 567 729 629 miseris
742 569 896 646 multoque
911 568 1096 630 tremendum

291 660 438 740 Objicr'tur
451 662 553 738 magis,
569 671 658 739 atque
674 662 839 740 improvida
853 672 975 739 pectora
989 653 1112 723 turbat„
1174 708 1176 716 ,
1231 691 1269 720 ιω

292 756 444 828 Laocoon,
460 755 566 814 ductus
582 757 725 831 Neptuno
740 766 818 818 sorte
833 757 979 830 sacerdos,
1052 828 1054 834 Α
1121 768 1124 777 ’

293 849 459 907 Sollemnes
474 857 588 907 taurum
603 847 753 924 ingentem
767 849 917 908 mactabat
931 850 969 908 ad
980 867 1056 908 varas.
1101 906 1104 913 .

292 943 372 1000 Ecce
387 950 487 1000 autem
500 940 611 1017 gemini
625 960 643 999 a
657 941 782 1001 Tenedo
797 943 954 1019 tranquilla
968 961 1021 1019 per
1035 943 1093 1001 alta
1102 975 1142 986 -

292 1036 444 1111 Horresco
459 1035 587 1093 reserens
596 1068 636 1076 —
645 1033 798 1094 immensis
812 1035 933 1095 orbibus
950 1053 1061 1112 angues

292 1129 474 1187 Incumbunt
488 1128 605 1205 pelago,
621 1128 790 1204 pariterque
806 1127 843 1186 ad
858 1128 944 1187 litora
958 1129 1103 1202 tendunt}

292 1223 417 1280 Pectora
431 1239 556 1296 quorum
570 1220 647 1279 inter
658 1220 766 1281 fluctus
780 1230 893 1280 arrecta
903 1223 1053 1297 jubaeque

293 1313 480 1392 Sanguineae
494 1323 633 1390 superant
647 1314 763 1387 undas,
783 1332 852 1390 pars
866 1323 964 1373 cetera
978 1324 1103 1390 pontum

292 1410 375 1466 Pone
390 1406 462 1485 legit
475 1406 632 1482 sinuatque
645 1407 794 1466 immensa
805 1407 955 1466 volumine
970 1418 1057 1483 terga

291 1499 341 1559 Fit
355 1501 469 1560 sonitus
484 1510 640 1576 spumante
654 1501 738 1574 salo;
757 1501 878 1576 jamque
894 1519 963 1559 arva
976 1501 1127 1572 tenebant,

292 1594 502 1669 Ardentesque
517 1595 620 1653 oculos
633 1594 749 1663 suffecti
764 1593 906 1671 sanguine
920 1604 950 1654 et
965 1595 1033 1670 igni,

292 1686 386 1746 Sibila
399 1688 572 1746 lambebant
585 1687 692 1764 linguis
705 1687 892 1747 vibrantibus
907 1707 966 1748 ora.

291 1779 469 1856 Diffugimus
482 1781 548 1840 visu
563 1797 733 1858 exsangues.
778 1782 827 1839 Illi
841 1781 958 1858 agmine
972 1790 1054 1841 certo

290 1875 466 1933 Laocoonta
479 1885 584 1950 petunt
595 1896 603 1948 ;
624 1885 654 1934 et
667 1875 794 1951 primum
810 1893 900 1951 parva
913 1875 1039 1934 duorum
1062 1865 1064 1875 ’

290 1968 425 2043 Corpora
438 1978 573 2026 natorum
589 1984 710 2044 serpens
725 1969 877 2044 amplexus
892 1979 1016 2044 uterque
1104 1957 1113 1976 ’

291 2061 431 2137 Implicat
445 2071 474 2119 et
489 2060 611 2120 miseros
625 2079 725 2120 morsu
738 2061 908 2138 depascitur
921 2073 1020 2135 artus;

290 2155 363 2212 Post
376 2153 482 2229 ipsum,
499 2154 607 2213 auxilio
622 2156 798 2214 subeuntem
813 2175 848 2214 ac
862 2157 922 2214 tela
935 2156 1086 2229 ferentem,

290 2245 469 2322 Corripiunt,
486 2247 629 2324 spirisque
644 2247 736 2324 ligant
750 2248 937 2324 ingentibus;
958 2260 988 2308 et
1002 2249 1078 2327 jam.

290 2339 339 2400 Bis
355 2341 486 2401 medium
499 2342 637 2418 amplexi,
652 2341 700 2402 bis
714 2341 793 2402 collo
808 2362 949 2419 squamea
963 2342 1072 2403 circum

289 2436 387 2511 Terga
401 2435 470 2508 dati,
487 2446 628 2511 superant
640 2435 737 2511 capite
752 2444 782 2495 et
796 2436 961 2495 cervicibus
975 2436 1049 2496 altis

290 2528 346 2587 Ille
361 2527 449 2587 simul
464 2528 600 2587 manibus
615 2528 710 2587 tendit
725 2527 864 2587 divellere
879 2530 985 2604 nodos

290 2620 429 2679 Perfusus
444 2621 525 2680 sanie
539 2620 627 2681 vittas
641 2629 766 2696 atroque
781 2640 905 2694 veneno,

290 2714 445 2773 Clamores
460 2714 547 2773 simul
562 2714 728 2800 horrendos
742 2715 782 2773 ad
796 2714 893 2774 sidera
907 2715 1003 2775 tollit:

289 2806 400 2879 Quales
414 2808 552 2885 mugitus,
568 2808 641 2883 fugit
655 2799 746 2882 qu'um
763 2807 878 2868 saucius
893 2828 973 2868 aram

234 2944 237 2949 .
288 2899 404 2958 Taurus
419 2909 449 2958 et
463 2900 604 2960 incertam
619 2900 747 2960 excussit
762 2900 875 2961 cervice
890 2901 1022 2961 securim.

288 2993 331 3050 At
344 2991 453 3067 gemini
468 2993 552 3069 lapsu
567 2994 690 3054 delubra
703 2995 741 3053 ad
756 2988 872 3057 summa
886 2995 1031 3055 dracones
1136 3046 1140 3055 ,
1228 3024 1252 3051 22

289 3083 440 3161 Effugiant
454 3104 618 3162 saevaeque
633 3098 739 3165 petunt
753 3087 917 3149 Tritonidis
931 3108 1037 3162 arcem,

290 3178 352 3237 Sub
366 3178 553 3255 pedibusque
567 3180 642 3241 deae
656 3180 805 3258 clipeique
819 3181 875 3241 sub
890 3184 962 3242 orbe
977 3191 1120 3258 teguntur.
1129 3207 1179 3232 ψ

288 3271 366 3329 Tum
379 3290 450 3331 vero
464 3273 636 3333 tremefacta
649 3294 745 3334 novus
760 3294 814 3351 per
826 3285 950 3353 pectora
964 3274 1079 3335 cunctis

288 3361 424 3423 Insinuat
438 3383 538 3439 pavor,
554 3376 585 3424 et
598 3368 694 3426 scelus
708 3368 885 3445 expendisse
900 3377 1064 3429 merentem

287 3456 462 3516 Laocoonta
475 3456 580 3532 serunt,
596 3478 710 3519 sacrum
725 3460 777 3538 qui
791 3462 915 3539 cuspide
929 3464 1019 3522 robur

288 3548 420 3609 Laeserit
434 3560 464 3609 et
478 3560 560 3627 tergo
574 3554 746 3613 sceleratam
761 3554 909 3615 intorserit
923 3557 1046 3615 hastam.

288 3642 466 3702 Ducendum
480 3644 518 3703 ad
534 3644 620 3714 sedes
635 3646 823 3705 simulacrum
838 3647 1010 3725 orandaque
1025 3648 1111 3712 divae

288 3734 419 3795 Numina
432 3736 627 3798 conclamant
1015 3758 1020 3767 ’

288 3826 456 3889 Dividimus
470 3847 570 3891 muros
584 3842 615 3891 et
628 3832 747 3893 moenia
760 3833 919 3910 pandimus
933 3834 1019 3895 urbis.
