3017 4700
534 435 739 480 uarnnokrrt.
763 435 822 498 tur,
845 435 878 479 11.

224 588 266 645 At
280 593 363 662 pater
376 577 565 659 omnipotens
579 600 701 659 superos
716 591 840 642 testatus
853 590 884 641 et
898 580 1003 659 ipsum,
1065 613 1070 619 ·

224 676 285 753 Qui
299 676 420 737 dederat
434 694 543 748 currus,
559 674 616 734 nisi
630 693 719 752 opem
733 676 815 749 ferat,
831 676 933 735 omnia
946 676 1007 735 fato

225 769 382 830 Interitura
395 767 484 846 gravi,
500 787 647 828 summam
662 767 736 845 petit
750 768 859 854 arduus
873 787 979 842 arcem,

224 866 315 926 Unde
331 854 408 924 so'let
422 865 516 924 nubes
530 863 581 924 lati
612 863 702 931 induc
721 883 752 923 re
767 863 858 938 terris,

225 959 316 1020 Unde
332 968 432 1017 movet
447 956 573 1017 tonitrus
583 883 899 1040 liliaiaiifflmina
910 959 1010 1033 jactat

225 1052 283 1112 Sed
298 1069 404 1127 neque,
421 1069 494 1126 quas
509 1059 612 1126 posset
625 1049 709 1110 te‘rris
723 1050 872 1124 inducere,
888 1051 983 1110 nubes
1067 1049 1073 1060 '

163 1153 166 1160 '
225 1147 312 1204 Tunc
325 1143 437 1216 habuit,
452 1161 516 1216 nec,
574 1161 608 1202 os
640 1142 891 1295 oeilqp'imitteret,
907 1143 1024 1203 imbres.

226 1241 402 1318 Intonat,et
415 1237 518 1296 dextra
532 1162 670 1307 fllia&
758 1255 796 1295 en
810 1238 849 1296 ab
863 1255 932 1296 aure

227 1330 310 1390 Misit
324 1329 354 1388 in
370 1328 509 1408 aurigam,
524 1329 692 1407 pariterque
706 1329 864 1406 animaque
878 1330 1009 1406 rotisque

227 1423 354 1501 Expulit,
371 1433 401 1482 et
415 1421 510 1482 saevis
525 1423 709 1499 compescuit
723 1422 840 1500 ignibus
855 1423 987 1501 ignes.,(3
1044 1449 1061 1514 s

227 1519 462 1604 Consteprantur
476 1515 553 1596 equi,
569 1525 599 1614 ep
613 1516 690 1611 saltu
704 1516 734 1574 in
748 1515 895 1577 contraria
908 1485 1044 1575 ἱειὲῖοΜ

227 1611 315 1671 Colla
325 1612 359 1686 ju
379 1628 397 1668 o
412 1607 539 1706 eripipnt
553 1609 737 1716 alpuptaque
751 1591 820 1668 lora'
828 1608 1004 1706 relinquunt

227 1702 292 1762 illic
307 1629 388 1762 frerfa
400 1703 508 1778 jacent,
525 1671 585 1800 illic
599 1711 718 1760 temone
732 1669 865 1812 r'qvulsus

227 1763 308 1869 Axii,
325 1767 513 1890 inflhac¹radi1i
527 1764 683 1853 fractar'urn
692 1806 780 1871 ¹parte
794 1807 932 1899 rqtarum,

229 1891 395 1966 Sparsaque
409 1897 479 1947 sunt
493 1888 552 1972 late
565 1886 792 1994 lucerivespigia
807 1908 916 1948 currus.

228 1985 269 2042 At
284 1955 447 2054 Phaetlfon,
463 1980 566 2041 rutilos
581 1981 700 2040 flamma
713 1950 875 2058 popullnte
889 1982 1022 2060 capillos,

226 2074 362 2134 Volvitur
375 2073 406 2132 in
420 2092 562 2151 praeceps
577 2073 726 2150 longoque
741 2093 794 2150 per
807 2077 876 2135 a'e'ra
890 2087 985 2137 tractu

227 2147 339 2241 Fertur,
355 2177 387 2226 ut
400 2165 548 2226 interdum
562 2166 600 2225 de
615 2167 700 2226 coelo
716 2169 800 2226 stella
814 2187 928 2244 sereno,

229 2261 292 2320 Etsi
306 2279 367 2319 non
382 2259 497 2332 cecidit,
513 2259 609 2336 potuit
623 2258 766 2320 cecidisse
779 2259 880 2322 videri

228 2356 325 2431 Quem
340 2355 441 2431 procul
456 2374 474 2413 a
488 2354 581 2431 patria
595 2353 711 2415 diverso
725 2355 871 2417 maximus
886 2360 958 2419 orbe

228 2447 345 2525 Excipit
360 2446 515 2521 Eridanus,
531 2446 733 2525 fumantiaque
747 2449 840 2509 abluit
857 2468 917 2510 ora

228 2542 340 2601 Naides
355 2539 521 2618 Hesperiae
536 2540 632 2600 trifida
645 2541 789 2603 fumantia
802 2544 922 2603 flamma

228 2636 361 2711 Corpora
375 2634 447 2693 dant
462 2634 584 2715 tumulo,
600 2633 716 2710 signant
731 2654 850 2711 quoque
866 2636 995 2697 carmine
1010 2656 1129 2697 saxum:

228 2726 290 2786 Hic
304 2724 375 2786 situs
389 2737 434 2786 est
449 2726 613 2797 Phaethon,
629 2746 728 2787 currus
743 2728 844 2805 auriga
857 2730 990 2806 paterni:

228 2821 326 2895 Quem
341 2819 365 2879 si
379 2818 556 2915 noqtenuait,
572 2819 685 2897 magnis
700 2832 800 2881 tamen
815 2822 925 2883 excidit
939 2822 1024 2882 ausis.

229 2916 307 2973 Nam
322 2924 405 2989 pater
418 2886 670 2986 ossdull'oisluctu
686 2914 860 2976 miserabilis
874 2935 971 2993 aegro,

229 3005 411 3067 Condiderat
424 3006 541 3079 tultus3
560 3016 590 3065 et
604 3005 628 3065 si
643 3007 735 3067 modo
750 3008 906 3081 credimus,
922 3027 1014 3068 unum

230 3102 293 3159 Isse
308 3099 387 3158 diem
402 3096 465 3158 sine
480 3099 541 3158 sole
556 3100 659 3159 ferunt.
704 3100 850 3185 Incendia
863 3102 964 3161 lumen

230 3193 423 3265 Praebebant,
438 3190 602 3268 aliquisque
617 3192 697 3251 malo
712 3191 767 3252 fuit
780 3212 851 3253 usus
864 3192 895 3253 in
909 3194 969 3253 illo.

229 3287 271 3344 At
286 3286 437 3361 Clymene,
453 3294 610 3361 postquam
625 3284 699 3344 dixit
713 3305 908 3362 quaecuuque
924 3288 1042 3347 fuerunt

230 3378 267 3437 In
282 3376 370 3437 tantis
384 3378 512 3437 dicenda
525 3376 618 3449 malis,
631 3378 762 3455 lugubris
777 3390 807 3439 et
821 3398 924 3439 amens

230 3473 269 3531 Et
282 3469 392 3530 laniata
405 3469 486 3529 sinus
499 3478 595 3529 toturn
609 3470 777 3547 percensuit
791 3473 904 3545 orhem,

230 3563 447 3641 Exanimesque
462 3572 541 3623 artus
555 3561 659 3639 primo,
675 3582 745 3622 mox
759 3582 827 3623 ossa
840 3564 999 3655 requirens,

230 3657 353 3736 Reperit
366 3675 435 3717 ossa
446 3666 548 3715 tamen
562 3654 716 3731 peregrina
730 3640 988 3733 conditaiip'a‘,“'⁴‘

230 3750 430 3826 Incubuitque
444 3749 520 3821 loco,
536 3766 705 3823 nomenque
719 3747 749 3807 in
765 3768 909 3809 marmore
923 3751 1034 3810 lectum

231 3844 363 3905 Perfudit
377 3840 504 3903 lacrimis
518 3851 548 3902 et
561 3850 664 3918 aperto
677 3850 798 3918 pectore
813 3841 892 3902 fovit
