3017 4700
329 400 387 458 234
643 397 669 439 Ρ.
688 397 822 443 VIRGlLll
844 397 985 441 MARONIS

329 542 406 603 Siste
419 540 552 621 gradum,
567 550 656 618 teque
670 542 814 618 adspectu
827 561 866 602 ne
880 543 1019 603 subtrahe
1034 552 1144 605 nostro.
1227 575 1232 586 ·
1261 563 1298 614 ,σε

327 635 426 710 Quem
440 634 534 712 fugis?
554 645 718 698 extremum
731 635 802 710 fato,
817 636 899 713 quod
913 647 943 696 te
957 637 1100 714 alloquor,
1115 637 1174 698 hoc
1189 649 1241 700 est

327 729 451 788 Talibus
465 730 583 790 Aeneas
597 728 751 792 ardentem
766 737 796 788 et
809 739 893 790 torva
907 739 1039 789 tuentem

327 820 455 881 Lenibat
469 819 557 880 dictis
570 819 710 894 animum,
725 820 921 899 lacrimasque
934 822 1040 882 ciebat

328 915 386 994 Illa
399 914 463 973 solo
477 914 551 990 fixos
565 914 668 974 oculos
681 932 785 974 aversa
799 917 927 989 tenebat,

329 1009 394 1066 Nec
408 1004 501 1082 magis
515 1006 635 1083 incepto
648 1007 762 1066 vultum
777 1025 913 1068 sermone
926 1019 1070 1083 movetur,
1260 1040 1299 1077 ψ

327 1100 427 1175 Quam
440 1098 465 1158 si
479 1099 552 1158 dura
566 1099 638 1160 silex
652 1110 703 1160 aut
716 1111 774 1160 stet
789 1101 939 1178 Marpesia
952 1113 1061 1162 cautes.

327 1193 463 1252 Tandem
478 1191 620 1269 corripuit
632 1211 708 1267 sese,
723 1203 813 1270 atque
827 1193 947 1254 inimica
960 1194 1064 1272 refugit

328 1287 370 1366 Iq
379 1305 486 1346 nemus
499 1285 698 1360 umbriferum,
713 1288 824 1364 conjux
836 1287 889 1347 ubi
901 1287 1040 1364 pristinus
1054 1287 1095 1346 illi

328 1379 505 1456 Respondet
519 1378 595 1438 curis
609 1390 776 1456 aequatque
793 1380 943 1459 Sychaeus
957 1399 1097 1442 amorem.

329 1474 394 1531 Nec
407 1470 504 1530 minus
519 1474 648 1546 Aeneas,
662 1491 734 1532 casu
748 1492 911 1536 concussus
925 1472 1063 1550 iniquo,·
1260 1500 1297 1539 47⁵

328 1560 519 1640 Prosequitur
532 1564 689 1637 lacrimns
702 1567 800 1643 longe,
815 1577 845 1628 et
858 1567 1011 1630 miseratur
1025 1576 1153 1628 euntem

369 1658 445 1718 Inde
460 1659 562 1718 datum
576 1659 696 1718 molitur
708 1658 770 1720 iter.
812 1662 940 1738 Jamque
955 1679 1023 1720 arva
1035 1661 1179 1721 tenebant

329 1749 451 1824 Ultima,
467 1770 543 1828 quae
557 1752 639 1813 bello
651 1752 723 1812 clari
738 1763 851 1813 secreta
864 1755 1059 1830 frequentant

255 1890 259 1898 .
329 1843 391 1903 Hic
405 1843 446 1903 illi
460 1844 585 1905 occurrit
599 1845 728 1926 Tydeus,
743 1845 792 1906 hic
806 1845 933 1906 inclutus
947 1845 1038 1908 armis

329 1911 572 2014 Partheuripaeus
586 1948 616 1999 et
631 1938 751 2000 Adrasti
765 1938 903 2016 pallentis
917 1939 1034 2017 imago;
1261 1955 1300 2006 ⁴⁸0

330 2029 394 2092 Hic
406 2032 533 2094 multum
546 2031 609 2093 fleti
622 2032 662 2093 ad
675 2051 797 2110 superos
811 2033 950 2109 belloque
964 2031 1069 2094 caduci

225 2116 228 2122 ’
329 2124 529 2198 Dardanidae,
546 2144 621 2202 quos
634 2124 684 2185 ille
698 2144 803 2186 omnes
816 2126 906 2202 longo
921 2125 1023 2186 ordine
1037 2143 1162 2186 cemens

329 2217 486 2294 Ingemuit,
503 2220 709 2294 Glaucumque
723 2219 929 2295 Medontaque
943 2218 1237 2295 Thersilochumque,

328 2311 403 2371 Tres
417 2311 627 2386 Antenoridas,
644 2310 803 2389 Cererique
818 2330 932 2373 sacrum
948 2312 1162 2390 Polyphoeten,

328 2405 523 2483 Idaeumque,
539 2406 628 2468 etiam
642 2424 751 2478 currus,
767 2404 856 2467 etiam
870 2424 952 2465 arma
965 2415 1123 2465 tenentem.
1261 2422 1299 2475 4⁸⁵

328 2498 529 2561 Circumstant
543 2498 659 2558 animae
673 2498 777 2559 dextra
790 2500 931 2575 laevaque
945 2500 1122 2577 frequentes.

328 2593 394 2652 Nec
408 2592 517 2652 vidisse
532 2592 623 2653 semel
637 2590 708 2651 satis
721 2600 786 2666 est;
805 2593 887 2669 juvat
901 2611 995 2669 usque
1009 2590 1124 2663 morari,

328 2687 367 2744 Et
381 2686 516 2747 conferre
528 2685 660 2762 gradum,
675 2694 705 2744 et
718 2683 857 2745 veniendi
872 2682 984 2745 discere
999 2703 1127 2745 caussas.

328 2780 370 2838 At
384 2780 523 2838 Danaum
537 2795 674 2855 proceres
689 2778 1000 2855 Agamemnoniaeque
1015 2778 1178 2857 phalanges

328 2871 373 2930 Ut
386 2870 486 2931 videre
500 2870 595 2931 virum
609 2870 808 2948 fulgentiaque
823 2890 904 2931 arma
916 2890 970 2949 per
983 2871 1111 2945 umbras,
1261 2898 1299 2937 oo

327 2963 446 3042 Ingenti
461 2964 607 3041 trepidare
621 2974 721 3038 metu;
740 2983 808 3041 pars
822 2974 933 3025 vertere
947 2974 1037 3041 terga,

328 3058 393 3118 Ceu
408 3057 559 3134 quondam
574 3056 686 3134 petiere
699 3066 797 3131 rates,
816 3076 884 3135 pars
898 3058 1001 3117 tollere
1015 3074 1121 3119 vocem

329 3149 474 3228 Exiguam
488 3173 494 3210 ε
514 3150 648 3227 inceptus
662 3152 775 3211 clamor
788 3152 939 3211 frustratur
952 3145 1086 3213 hiantes'

359 3245 469 3320 -Atque
483 3242 532 3303 hic
547 3243 715 3305 Priamiden
729 3243 872 3309 laniatum
885 3262 1008 3321 corpore
1023 3254 1089 3305 toto

327 3336 520 3413 Deiphobum
534 3336 615 3402 videt
628 3348 658 3397 et
671 3338 801 3399 lacemm
815 3336 971 3400 crudeliter
984 3355 1045 3410 ora,
1260 3363 1297 3403 aas

326 3430 388 3493 Ora
402 3448 567 3507 manusque
581 3432 693 3505 ambas,
708 3432 909 3508 populataque
924 3440 1059 3508 tempora
1071 3427 1164 3509 raptis

327 3522 467 3598 Auribus,
482 3534 512 3584 et
526 3535 645 3585 truncas
659 3523 817 3584 inhonesto
831 3524 952 3584 vulnere
966 3542 1059 3583 nares.

326 3616 385 3676 Vix
400 3617 477 3679 adeo
491 3617 611 3695 agnovit
624 3616 806 3694 pavitantem
815 3627 851 3677 et
864 3616 929 3677 dira
942 3626 1092 3695 tegentem

327 3709 487 3788 Supplicia,
504 3721 533 3770 et
547 3710 626 3770 notis
640 3712 801 3787 compellat
814 3710 938 3771 vocibus
951 3711 1047 3771 ultro:

223 3848 226 3854 .
327 3802 487 3880 Deiphobe
502 3802 689 3879 armipotens,
704 3822 802 3895 genus
814 3803 875 3863 alto
890 3821 908 3861 a
922 3802 1063 3881 sanguine
1077 3800 1195 3876 Teucri,
1260 3827 1298 3869 rw
