3017 4700
557 439 715 483 AENEIDOS
736 441 795 484 ΠΒ.
814 443 841 484 V.

211 587 354 663 Euryalus
368 583 483 645 fonna
452 584 599 688 insignis
613 583 779 662 viridique
769 597 900 665 ynventa,

211 678 302 739 Nisus
317 697 415 738 amore
427 657 480 782 pio
494 677 598 755 pueri;
619 697 694 754 quos
708 679 818 739 deinde
834 691 951 741 secutus

211 773 324 850 Regius
339 771 455 848 egregia
469 771 577 830 Priami
591 772 630 830 de
645 770 735 848 stirpe
751 772 878 848 Diores3

211 867 304 925 Hunc
320 865 416 925 Salius
431 864 518 923 simul
532 875 562 924 et
577 867 695 938 Patron,
711 884 836 941 quorum
851 867 925 926 alter
939 863 1086 943 A'caman,

212 959 297 1018 Alter
311 959 348 1018 ab
364 957 494 1018 Arcadio
509 961 663 1034 Tegeaeae
678 957 821 1034 sanguine
834 959 950 1037 gentis3

210 1053 287 1110 Tum
303 1053 363 1111 duo
377 1051 522 1111 Trinacrii
534 1053 667 1127 juvenes,
684 1052 833 1128 Helymus
848 1053 1054 1132 Panopesque,

154 1210 156 1217 ¹
211 1143 336 1204 Adsueti
351 1144 440 1219 silvis,
455 1145 581 1206 comites
595 1143 721 1204 senioris
736 1145 865 1204 Acestae
878 1166 887 1218 ;
917 1203 918 1206 ,

211 1237 303 1296 Multi
317 1249 476 1315 praeterea,
492 1257 568 1314 quos
581 1239 660 1296 fama
673 1237 801 1296 obscura
814 1239 977 1322 recondit

212 1334 330 1436 Aeneps
345 1330 475 1430 quibus
466 1352 498 1390 m
511 1331 657 1392 mediis
633 1350 676 1391 sic
690 1331 800 1392 deinde
815 1332 950 1444 loputus:

212 1424 331 1503 Accipit
333 1446 349 1485 e
319 1402 438 1486 thaec
452 1425 566 1499 animis,
580 1393 733 1502 laetasque
747 1426 890 1486 advertite
905 1436 1038 1490 mentes:

175 1505 310 1578 {Nemo
324 1539 362 1579 ex
375 1521 433 1579 hoc
447 1538 571 1579 numero
584 1519 658 1579 mihi
671 1538 733 1579 non
748 1518 876 1578 donatus
891 1519 992 1580 abibit.
1151 1551 1188 1590 305

212 1611 325 1672 Gnosia
338 1613 411 1672 bina
424 1613 504 1672 dabo
518 1614 616 1676 levato
630 1613 734 1682 lucida,
744 1614 820 1672 ferro

212 1705 330 1782 Spicula
343 1707 547 1782 caelatamque
562 1717 684 1783 argento
697 1708 771 1766 ferre
786 1706 966 1782 bipennem3

212 1797 361 1870 Omnibus
370 1800 419 1860 hic
434 1800 488 1859 erit
495 1820 577 1875 nnus
592 1801 695 1859 honos.
738 1803 812 1860 Tres
811 1799 960 1888 praemia,
970 1800 1057 1878 primi

213 1891 379 1970 Accipient,
395 1881 530 1969 flavaque
545 1904 635 1969 caput
647 1902 803 1954 nectentur
816 1893 901 1952 oliva

213 1985 327 2044 Primus
342 2005 451 2061 equum
465 1985 614 2072 phaleris
606 1985 762 2090 msigpem
767 1985 861 2045 victor
874 1987 1006 2071 hapet03
1151 2017 1188 2053 310

207 2069 298 2150 ,Alter
312 2064 513 2138 Aniazoniam
521 2049 692 2156 pharetram
701 2080 880 2156 plenamque
894 2079 1009 2159 sagittis
1112 2105 1115 2110 ·

212 2170 367 2246 Threiciis,
384 2173 445 2232 lato
460 2191 549 2248 quam
564 2172 811 2249 circumplectitur
824 2192 896 2232 auro

213 2265 341 2338 Balteus,
357 2276 388 2324 et
401 2265 487 2325 tereti
501 2265 650 2325 subnectit
662 2266 755 2326 fibula
768 2272 905 2342 gemma;

212 2356 329 2418 Tertius
344 2358 484 2435 Argolica
497 2360 553 2419 hac
567 2360 653 2438 galea
666 2370 824 2420 contentus
838 2360 927 2420 abito.

214 2453 300 2511 Haec
315 2451 366 2510 ubi
380 2452 468 2526 dicta,
482 2453 582 2517 locum
597 2452 725 2529 capiunt,
742 2453 886 2530 signoque
900 2465 1023 2531 repente
1151 2485 1188 2524 31⁵

213 2544 383 2634 Corripiunt
397 2547 493 2623 spatia
506 2546 617 2620 audito,
632 2546 782 2623 limenque
796 2547 974 2624 relinquunt,
1038 2586 1043 2599 ι

213 2638 306 2696 Effusi
317 2639 422 2698 nimbo
436 2639 556 2712 similes,
572 2639 658 2699 simul
671 2640 776 2701 ultima
789 2640 914 2718 signant.

213 2730 328 2789 Primus
342 2730 404 2791 abit
418 2732 565 2809 longeque
580 2743 648 2793 ante
663 2733 764 2793 omnia
778 2752 902 2811 corpora
917 2734 1009 2795 Nisus

214 2823 336 2897 Emicat,
352 2835 382 2884 et
395 2825 490 2884 ventis
504 2836 535 2885 et
549 2825 678 2885 fulminis
692 2826 775 2886 ocior
788 2826 860 2901 alis;

213 2915 366 2976 Proximus
380 2918 458 2991 huic,
473 2920 562 2996 longo
577 2920 629 2979 sed
644 2920 795 2996 proximus
809 2920 971 2996 intervallo
1151 2954 1188 2991 320

212 3010 382 3086 Insequitur
397 3011 510 3071 Salius·
502 3013 629 3091 ,spatio
642 3025 710 3091 post
724 3013 834 3075 deinde
849 3016 950 3119 relicto

212 3102 330 3163 Tertius
346 3105 508 3181 Euryalus,
858 3144 875 3186 s

213 3198 430 3275 Euryalumque
445 3201 593 3277 Helymus
607 3199 757 3277 sequitur;
778 3219 838 3277 quo
853 3201 962 3261 deinde
977 3202 1054 3263 sub
1046 3222 1112 3281 tpso

212 3291 290 3350 Ecce
305 3292 385 3352 volat
400 3294 570 3369 calcemque
584 3294 651 3353 terit
663 3295 725 3370 jam
738 3294 822 3353 calce
837 3294 952 3369 Diores,

213 3387 393 3445 Incumbens
406 3387 550 3461 humero,
570 3386 667 3464 spatia
680 3401 710 3446 et
724 3387 749 3446 si
763 3389 849 3465 plura
863 3388 1016 3465 supersint,
1149 3418 1186 3457 325

211 3480 357 3539 Transeat
371 3482 488 3557 elapsus
502 3481 589 3557 prior,
606 3480 836 3557 ambiguumque
849 3482 1012 3559 relinquat.

210 3573 337 3649 Jamque
352 3573 412 3633 fere
426 3574 523 3650 spatio
537 3584 668 3633 extremo
681 3574 810 3650 fessique
826 3576 879 3634 sub
894 3576 990 3651 ipsam

210 3664 315 3725 Finem
330 3667 539 3740 adventabant,
555 3666 614 3726 levi
628 3686 719 3743 quum
734 3667 876 3745 sanguine
891 3668 984 3729 Nisus

210 3759 334 3819 Labitur
346 3760 455 3832 infelix,
469 3760 563 3819 caesis
576 3769 610 3819 ut
623 3761 699 3819 forte
712 3761 848 3836 juvencis

210 3853 305 3912 Fusus
319 3853 442 3918 humum
455 3852 623 3930 viridesque
638 3872 728 3931 super
741 3855 938 3915 madefecerat
952 3854 1067 3916 herbas.
1148 3884 1186 3922 ³³0
