3017 4700
305 410 363 465 244
619 409 646 452 r.
664 409 798 452 mactari
820 408 962 480 unaours

304 552 437 631 Adspice
452 555 636 631 Torquatum
650 564 680 614 et
692 555 870 616 referentem
885 555 970 632 signa
984 555 1149 616 Camillum.
1159 599 1180 646 s
1251 585 1263 612 ι

304 647 379 706 Illae
393 657 501 721 autem,
517 647 635 724 paribus
650 667 724 724 quas
737 649 848 725 fulgere
863 648 958 708 cernis
972 647 1002 706 in
1017 648 1114 722 armis,

304 740 478 800 Concordes
492 741 608 800 animae
622 751 746 800 nuncet
761 742 832 800 dum
845 752 934 801 nocte
949 753 1127 818 premuntur,

304 835 377 892 Heu
392 844 534 909 quantum
549 834 626 893 inter
639 853 670 894 se
685 834 805 908 bellum,
822 833 846 893 si
860 835 972 894 lumina
986 834 1063 895 vitae

304 925 473 1002 Attigerint,
489 937 615 1003 quantas
629 926 708 986 acies
724 914 918 1004 stragemque
925 926 1061 998 ciebuntl
1071 927 1091 998 ,’‚'

284 1058 286 1067 ·
304 1020 469 1096 Aggeribus
483 1038 568 1079 socer
582 1019 699 1097 Alpinis
714 1030 803 1096 atque
818 1037 884 1080 arce
900 1020 1042 1082 Monoeci
1174 1025 1179 1036 '

304 1111 508 1186 Descendens,
523 1131 615 1190 gener
629 1113 760 1175 adversis
774 1103 932 1174 instructus
948 1113 1026 1174 Eois.

304 1207 361 1277 Ne,
376 1205 469 1282 pueri,
484 1224 523 1265 ne
538 1217 621 1266 tanta
634 1205 740 1265 animis
753 1205 919 1266 adsuescite
933 1208 1020 1280 bella,

304 1300 373 1357 Neu
387 1297 499 1374 patriae
513 1299 627 1358 validas
641 1298 672 1357 in
685 1299 799 1359 viscera
812 1300 917 1360 vertite
931 1299 1006 1360 vires
1018 1323 1026 1374 ;

303 1391 411 1467 Tuque
425 1391 512 1468 prior,
527 1402 560 1450 tu
575 1411 669 1468 parce,
684 1411 778 1469 genus
793 1392 843 1470 qui
858 1392 941 1453 ducis
956 1394 1094 1471 Olympo,

304 1484 421 1561 Projice
436 1485 496 1544 tela
510 1503 608 1558 manu,
624 1486 744 1562 sanguis
759 1503 843 1546 meus
854 1489 911 1545 1-
1241 1503 1277 1552 8³⁵

292 1578 361 1638 -Ille
376 1577 555 1653 triumphata
569 1577 717 1654 Capitolia
731 1579 770 1637 ad
784 1579 843 1638 alta
858 1579 1002 1640 Corintho

304 1670 409 1730 Victor
422 1681 490 1747 aget
503 1689 627 1746 currum,
643 1671 736 1731 caesis
750 1671 874 1749 insignis
888 1671 1018 1732 Achivis.

270 1836 275 1842 ,
306 1766 397 1824 Eruet
410 1763 460 1824 ille
474 1765 571 1841 Argos
584 1765 895 1842 Agamemnoniasque
911 1768 1062 1844 Mycenas,

306 1861 469 1936 Ipsumque
485 1850 646 1932 Aeaciden,
661 1878 755 1936 genus
768 1858 971 1936 armipotentis
985 1859 1103 1934 Achilli,

305 1953 396 2012 Ultus
410 1970 482 2011 avos
496 1953 612 2031 Trojae,
625 1954 736 2029 templa
750 1964 780 2013 et
794 1963 935 2012 temerata
950 1952 1110 2013 Minervae.

306 2046 381 2121 Quis
396 2056 433 2119 te,
450 2064 556 2122 magne
571 2047 657 2120 Cato,
673 2045 803 2118 tacitum,
819 2055 870 2105 aut
884 2055 922 2120 te,
940 2047 1041 2119 Cosse,
1058 2045 1224 2122 relinquat?

306 2137 381 2213 Quis
396 2138 524 2199 Gracchi
537 2158 640 2216 genus,
655 2151 706 2199 aut
719 2139 863 2216 geminos,
879 2139 940 2198 duo
954 2137 1076 2197 fulmina
1089 2139 1168 2212 belli,

307 2231 471 2308 Scipiadas,
478 2233 604 2292 cladem
619 2231 740 2308 Libyae,
755 2249 906 2308 parvoque
920 2242 1074 2308 potentem

306 2324 482 2400 Fabiicium,
498 2326 545 2385 vel
560 2336 589 2385 te
604 2327 695 2398 sulco,
711 2327 843 2399 Serrane,
859 2309 1025 2385 serentein?

306 2419 376 2493 Quo
390 2418 501 2478 fessum
515 2418 625 2496 rapitis,
642 2418 747 2479 Fabii?
767 2429 799 2478 tu
814 2418 964 2478 Maximus
978 2417 1027 2478 ille
1041 2436 1098 2493 eS,

306 2512 394 2571 Unus
409 2511 460 2588 qui
473 2512 561 2572 nobis
576 2512 746 2572 cunctando
760 2511 889 2571 restituis
903 2530 973 2571 rem.

307 2605 464 2665 Excudent
478 2605 526 2664 alii
542 2604 684 2681 spirantia
696 2603 815 2664 mollius
829 2623 905 2677 aera,

306 2698 406 2757 Credo
421 2698 568 2774 equidem,
583 2698 667 2757 vivos
681 2698 792 2757 ducent
806 2698 844 2757 de
858 2716 1002 2757 mannore
1016 2697 1121 2771 vultus,

298 2790 443 2849 Orabunt
457 2810 576 2850 caussas
590 2791 704 2865 melius,
720 2790 855 2867 coelique
870 2801 985 2851 meatus

306 2882 484 2943 Describent
499 2883 582 2943 radio
596 2894 627 2943 et
640 2885 789 2961 surgentia
803 2884 900 2944 sidera
914 2884 1033 2943 dicent:

305 2977 354 3036 Tu
367 2994 468 3054 regere
482 2976 606 3053 imperio
620 2978 757 3054 populos,
774 2980 920 3051 Romane,
936 2986 1105 3049 memento;

306 3072 377 3130 Hae
391 3067 445 3128 tibi
459 3080 545 3129 eruut
558 3081 655 3146 artes3
675 3071 816 3149 pacisque
830 3070 983 3148 imponere
998 3086 1118 3141 morem,

306 3166 432 3223 Parcere
446 3163 595 3242 subjectis,
611 3175 642 3223 et
656 3165 805 3225 debellare
821 3164 972 3241 superbos.

346 3255 394 3316 Sic
408 3266 492 3333 pater
506 3256 661 3331 Anchises,
677 3267 767 3335 atque
781 3259 855 3317 haec
869 3256 1044 3315 mirantibus
1054 3252 1160 3314 addit:

305 3348 447 3425 Adspice,
461 3360 495 3409 ut
508 3349 631 3427 insignis
645 3350 747 3427 spoliis
762 3350 921 3409 Marcellus
936 3346 1043 3425 opimis

306 3442 482 3520 Ingreditur,
497 3442 650 3520 victorque
664 3443 742 3503 viros
758 3441 954 3519 supereminet
968 3444 1088 3499 omnes!

306 3536 368 3596 Hic
382 3556 443 3597 tem
460 3539 636 3610 Romanam,
652 3555 763 3614 magno
777 3536 914 3595 turbante
929 3534 1062 3605 tumultu,

305 3630 403 3704 Sistet,
420 3650 511 3707 eques
526 3640 636 3689 sternet
651 3631 770 3688 Poenos
785 3628 962 3704 Gallumque
977 3626 1126 3699 rebellem,

305 3725 466 3801 Tertiaque
481 3743 562 3783 arma
576 3721 651 3798 patri
665 3721 828 3797 suspendet
841 3730 928 3795 capta
943 3717 1075 3793 Quirino.

306 3819 407 3892 Atque
421 3814 470 3875 hic
484 3817 621 3888 Aeneas,
641 3830 702 3872 una
715 3830 845 3888 namque
859 3810 900 3870 ire
913 3809 1033 3869 videbat
