<?xml version="1.0" encoding="UTF-8"?>
<!DOCTYPE html PUBLIC "-//W3C//DTD XHTML 1.0 Transitional//EN"
    "http://www.w3.org/TR/xhtml1/DTD/xhtml1-transitional.dtd">
<html xmlns="http://www.w3.org/1999/xhtml" xml:lang="en" lang="en">
 <head>
  <title>
</title>
<meta http-equiv="Content-Type" content="text/html;charset=utf-8" />
  <meta name='ocr-system' content='tesseract 3.04.00' />
  <meta name='ocr-capabilities' content='ocr_page ocr_carea ocr_par ocr_line ocrx_word'/>
</head>
<body>
  <div class='ocr_page' id='page_1' title='image "./selectionsfromo01virggoog_0127.png"; bbox 0 0 3017 4700; ppageno 0'>
   <div class='ocr_carea' id='block_1_1' title="bbox 583 372 859 419">
    <p class='ocr_par' dir='ltr' id='par_1_1' title="bbox 583 372 859 419">
     <span class='ocr_line' id='line_1_1' title="bbox 583 372 859 419; baseline -0.007 -3"><span class='ocrx_word' id='word_1_1' title='bbox 583 372 740 419; x_wconf 71' lang='lat' dir='ltr'>nuuulbos</span> <span class='ocrx_word' id='word_1_2' title='bbox 761 372 819 418; x_wconf 81' lang='lat' dir='ltr'>LIB·</span> <span class='ocrx_word' id='word_1_3' title='bbox 839 373 859 415; x_wconf 91' lang='lat'>1.</span> 
     </span>
    </p>
   </div>
   <div class='ocr_carea' id='block_1_2' title="bbox 186 516 1226 3851">
    <p class='ocr_par' dir='ltr' id='par_1_2' title="bbox 186 516 1226 3851">
     <span class='ocr_line' id='line_1_2' title="bbox 237 516 1048 594; baseline -0.007 -12"><span class='ocrx_word' id='word_1_4' title='bbox 237 525 308 582; x_wconf 93' lang='lat' dir='ltr'>Hoc</span> <span class='ocrx_word' id='word_1_5' title='bbox 322 532 465 594; x_wconf 90' lang='lat' dir='ltr'>metuens,</span> <span class='ocrx_word' id='word_1_6' title='bbox 481 520 649 594; x_wconf 81' lang='lat' dir='ltr'>molemque</span> <span class='ocrx_word' id='word_1_7' title='bbox 663 529 693 579; x_wconf 89' lang='lat' dir='ltr'>et</span> <span class='ocrx_word' id='word_1_8' title='bbox 705 527 823 578; x_wconf 90' lang='lat' dir='ltr'>montes</span> <span class='ocrx_word' id='word_1_9' title='bbox 837 517 957 594; x_wconf 89' lang='lat' dir='ltr'>insuper</span> <span class='ocrx_word' id='word_1_10' title='bbox 971 516 1048 578; x_wconf 87' lang='lat' dir='ltr'>altos</span> 
     </span>
     <span class='ocr_line' id='line_1_3' title="bbox 236 611 961 693; baseline -0.008 -18"><span class='ocrx_word' id='word_1_11' title='bbox 236 613 391 693; x_wconf 87' lang='lat' dir='ltr'><strong>Imposuit,</strong></span> <span class='ocrx_word' id='word_1_12' title='bbox 405 632 563 690; x_wconf 85' lang='lat' dir='ltr'>regemque</span> <span class='ocrx_word' id='word_1_13' title='bbox 577 611 672 684; x_wconf 83' lang='lat' dir='ltr'>dedit,</span> <span class='ocrx_word' id='word_1_14' title='bbox 683 611 735 687; x_wconf 93' lang='lat' dir='ltr'>qui</span> <span class='ocrx_word' id='word_1_15' title='bbox 748 611 867 672; x_wconf 82' lang='lat' dir='ltr'>foedere</span> <span class='ocrx_word' id='word_1_16' title='bbox 881 621 961 670; x_wconf 88' lang='lat' dir='ltr'>certo</span> 
     </span>
     <span class='ocr_line' id='line_1_4' title="bbox 236 704 1015 786; baseline -0.008 -18"><span class='ocrx_word' id='word_1_17' title='bbox 236 711 274 768; x_wconf 89' lang='lat' dir='ltr'>Et</span> <span class='ocrx_word' id='word_1_18' title='bbox 287 727 420 786; x_wconf 88' lang='lat' dir='ltr'>premere</span> <span class='ocrx_word' id='word_1_19' title='bbox 434 717 464 766; x_wconf 91' lang='lat' dir='ltr'>et</span> <span class='ocrx_word' id='word_1_20' title='bbox 477 707 558 764; x_wconf 85' lang='lat' dir='ltr'>laxas</span> <span class='ocrx_word' id='word_1_21' title='bbox 572 704 659 764; x_wconf 89' lang='lat' dir='ltr'>sciret</span> <span class='ocrx_word' id='word_1_22' title='bbox 673 705 743 764; x_wconf 90' lang='lat' dir='ltr'>dare</span> <span class='ocrx_word' id='word_1_23' title='bbox 756 705 855 780; x_wconf 88' lang='lat' dir='ltr'>jussus</span> <span class='ocrx_word' id='word_1_24' title='bbox 869 704 1015 763; x_wconf 76' lang='lat' dir='ltr'>habenas</span> 
     </span>
     <span class='ocr_line' id='line_1_5' title="bbox 236 796 1076 878; baseline -0.012 -18"><span class='ocrx_word' id='word_1_25' title='bbox 236 803 285 861; x_wconf 87' lang='lat' dir='ltr'>Ad</span> <span class='ocrx_word' id='word_1_26' title='bbox 299 820 387 878; x_wconf 91' lang='lat' dir='ltr'>quem</span> <span class='ocrx_word' id='word_1_27' title='bbox 402 811 464 860; x_wconf 91' lang='lat' dir='ltr'>tum</span> <span class='ocrx_word' id='word_1_28' title='bbox 477 801 558 875; x_wconf 89' lang='lat' dir='ltr'>Juno</span> <span class='ocrx_word' id='word_1_29' title='bbox 572 798 697 874; x_wconf 87' lang='lat' dir='ltr'>supplex</span> <span class='ocrx_word' id='word_1_30' title='bbox 709 797 755 856; x_wconf 93' lang='lat' dir='ltr'>his</span> <span class='ocrx_word' id='word_1_31' title='bbox 769 796 891 856; x_wconf 91' lang='lat' dir='ltr'>vocibus</span> <span class='ocrx_word' id='word_1_32' title='bbox 905 816 957 854; x_wconf 89' lang='lat' dir='ltr'>usa</span> <span class='ocrx_word' id='word_1_33' title='bbox 971 807 1016 856; x_wconf 89' lang='lat' dir='ltr'>est</span> <span class='ocrx_word' id='word_1_34' title='bbox 1030 818 1036 854; x_wconf 93' lang='lat'><strong>:</strong></span> <span class='ocrx_word' id='word_1_35' title='bbox 1049 847 1076 872; x_wconf 46' lang='lat' dir='ltr'><em>f</em></span> 
     </span>
     <span class='ocr_line' id='line_1_6' title="bbox 274 888 1208 968; baseline -0.001 -15"><span class='ocrx_word' id='word_1_36' title='bbox 274 893 376 967; x_wconf 89' lang='lat' dir='ltr'>Aeole,</span> <span class='ocrx_word' id='word_1_37' title='bbox 392 911 520 968; x_wconf 87' lang='lat' dir='ltr'>namque</span> <span class='ocrx_word' id='word_1_38' title='bbox 535 890 590 950; x_wconf 93' lang='lat' dir='ltr'>tibi</span> <span class='ocrx_word' id='word_1_39' title='bbox 604 889 704 950; x_wconf 92' lang='lat' dir='ltr'>divum</span> <span class='ocrx_word' id='word_1_40' title='bbox 718 900 803 967; x_wconf 89' lang='lat' dir='ltr'>pater</span> <span class='ocrx_word' id='word_1_41' title='bbox 816 899 904 966; x_wconf 90' lang='lat' dir='ltr'>atque</span> <span class='ocrx_word' id='word_1_42' title='bbox 918 888 1073 950; x_wconf 91' lang='lat' dir='ltr'>hominum</span> <span class='ocrx_word' id='word_1_43' title='bbox 1086 907 1138 948; x_wconf 86' lang='lat' dir='ltr'>rex</span> <span class='ocrx_word' id='word_1_44' title='bbox 1183 903 1208 951; x_wconf 78' lang='lat'>⁶⁵</span> 
     </span>
     <span class='ocr_line' id='line_1_7' title="bbox 237 984 905 1056; baseline -0.004 -10"><span class='ocrx_word' id='word_1_45' title='bbox 237 990 274 1046; x_wconf 91' lang='lat' dir='ltr'>Et</span> <span class='ocrx_word' id='word_1_46' title='bbox 287 987 415 1046; x_wconf 89' lang='lat' dir='ltr'>mulcere</span> <span class='ocrx_word' id='word_1_47' title='bbox 430 985 513 1045; x_wconf 89' lang='lat' dir='ltr'>dedit</span> <span class='ocrx_word' id='word_1_48' title='bbox 527 984 633 1044; x_wconf 91' lang='lat' dir='ltr'>fluctus</span> <span class='ocrx_word' id='word_1_49' title='bbox 647 994 678 1044; x_wconf 93' lang='lat' dir='ltr'>et</span> <span class='ocrx_word' id='word_1_50' title='bbox 691 985 794 1044; x_wconf 91' lang='lat' dir='ltr'>tollere</span> <span class='ocrx_word' id='word_1_51' title='bbox 807 993 905 1056; x_wconf 90' lang='lat' dir='ltr'>vent0‚</span> 
     </span>
     <span class='ocr_line' id='line_1_8' title="bbox 236 1075 999 1154; baseline -0.009 -13"><span class='ocrx_word' id='word_1_52' title='bbox 236 1083 316 1141; x_wconf 86' lang='lat' dir='ltr'>Gens</span> <span class='ocrx_word' id='word_1_53' title='bbox 331 1078 452 1139; x_wconf 87' lang='lat' dir='ltr'>inimica</span> <span class='ocrx_word' id='word_1_54' title='bbox 465 1077 536 1136; x_wconf 90' lang='lat' dir='ltr'>mihi</span> <span class='ocrx_word' id='word_1_55' title='bbox 550 1077 736 1154; x_wconf 86' lang='lat' dir='ltr'>Tyrrhenum</span> <span class='ocrx_word' id='word_1_56' title='bbox 750 1075 868 1154; x_wconf 83' lang='lat' dir='ltr'>navigat</span> <span class='ocrx_word' id='word_1_57' title='bbox 883 1094 999 1152; x_wconf 88' lang='lat' dir='ltr'>aequor,</span> 
     </span>
     <span class='ocr_line' id='line_1_9' title="bbox 236 1169 1017 1250; baseline -0.006 -18"><span class='ocrx_word' id='word_1_58' title='bbox 236 1173 324 1232; x_wconf 91' lang='lat' dir='ltr'>Ilium</span> <span class='ocrx_word' id='word_1_59' title='bbox 338 1172 367 1230; x_wconf 91' lang='lat' dir='ltr'>in</span> <span class='ocrx_word' id='word_1_60' title='bbox 383 1173 502 1232; x_wconf 88' lang='lat' dir='ltr'>Italiam</span> <span class='ocrx_word' id='word_1_61' title='bbox 516 1181 637 1247; x_wconf 90' lang='lat' dir='ltr'>portans</span> <span class='ocrx_word' id='word_1_62' title='bbox 651 1169 804 1246; x_wconf 89' lang='lat' dir='ltr'>victosque</span> <span class='ocrx_word' id='word_1_63' title='bbox 820 1172 964 1229; x_wconf 87' lang='lat' dir='ltr'>Penates:</span> <span class='ocrx_word' id='word_1_64' title='bbox 1012 1240 1017 1250; x_wconf 33' lang='grc' dir='ltr'>Ι</span> 
     </span>
     <span class='ocr_line' id='line_1_10' title="bbox 236 1263 1046 1341; baseline -0.005 -15"><span class='ocrx_word' id='word_1_65' title='bbox 236 1269 340 1326; x_wconf 89' lang='lat' dir='ltr'>Incute</span> <span class='ocrx_word' id='word_1_66' title='bbox 354 1266 414 1325; x_wconf 87' lang='lat' dir='ltr'>vim</span> <span class='ocrx_word' id='word_1_67' title='bbox 428 1263 523 1324; x_wconf 92' lang='lat' dir='ltr'>ventis</span> <span class='ocrx_word' id='word_1_68' title='bbox 538 1265 763 1339; x_wconf 79' lang='lat' dir='ltr'>submersasque</span> <span class='ocrx_word' id='word_1_69' title='bbox 777 1264 869 1324; x_wconf 90' lang='lat' dir='ltr'>obrue</span> <span class='ocrx_word' id='word_1_70' title='bbox 883 1282 1006 1341; x_wconf 90' lang='lat' dir='ltr'>puppes,</span> <span class='ocrx_word' id='word_1_71' title='bbox 1044 1275 1046 1278; x_wconf 82' lang='grc'><strong>’</strong></span> 
     </span>
     <span class='ocr_line' id='line_1_11' title="bbox 235 1356 928 1436; baseline -0.004 -19"><span class='ocrx_word' id='word_1_72' title='bbox 235 1362 296 1418; x_wconf 88' lang='lat' dir='ltr'>Aut</span> <span class='ocrx_word' id='word_1_73' title='bbox 310 1379 364 1436; x_wconf 87' lang='lat' dir='ltr'>age</span> <span class='ocrx_word' id='word_1_74' title='bbox 379 1358 510 1418; x_wconf 87' lang='lat' dir='ltr'>diversos</span> <span class='ocrx_word' id='word_1_75' title='bbox 524 1368 554 1417; x_wconf 89' lang='lat' dir='ltr'>et</span> <span class='ocrx_word' id='word_1_76' title='bbox 568 1356 671 1434; x_wconf 89' lang='lat' dir='ltr'>disjice</span> <span class='ocrx_word' id='word_1_77' title='bbox 686 1375 811 1433; x_wconf 86' lang='lat' dir='ltr'>corpora</span> <span class='ocrx_word' id='word_1_78' title='bbox 827 1367 928 1433; x_wconf 90' lang='lat' dir='ltr'>ponto.</span> 
     </span>
     <span class='ocr_line' id='line_1_12' title="bbox 193 1447 1226 1527; baseline -0.003 -17"><span class='ocrx_word' id='word_1_79' title='bbox 193 1479 203 1497; x_wconf 50' lang='grc' dir='ltr'><em>κ</em></span> <span class='ocrx_word' id='word_1_80' title='bbox 237 1453 311 1511; x_wconf 88' lang='lat' dir='ltr'>Sunt</span> <span class='ocrx_word' id='word_1_81' title='bbox 325 1450 397 1510; x_wconf 91' lang='lat' dir='ltr'>mibi</span> <span class='ocrx_word' id='word_1_82' title='bbox 411 1450 457 1510; x_wconf 91' lang='lat' dir='ltr'>bis</span> <span class='ocrx_word' id='word_1_83' title='bbox 472 1461 585 1526; x_wconf 88' lang='lat' dir='ltr'>septem</span> <span class='ocrx_word' id='word_1_84' title='bbox 600 1448 760 1527; x_wconf 82' lang='lat' dir='ltr'>praestanti</span> <span class='ocrx_word' id='word_1_85' title='bbox 774 1469 897 1526; x_wconf 90' lang='lat' dir='ltr'>corpore</span> <span class='ocrx_word' id='word_1_86' title='bbox 913 1447 1077 1526; x_wconf 79' lang='lat' dir='ltr'>Nymphae,</span> <span class='ocrx_word' id='word_1_87' title='bbox 1124 1506 1125 1510; x_wconf 73' lang='grc'>,</span> <span class='ocrx_word' id='word_1_88' title='bbox 1223 1467 1226 1476; x_wconf 84' lang='grc'><strong>’</strong></span> 
     </span>
     <span class='ocr_line' id='line_1_13' title="bbox 234 1541 931 1621; baseline -0.004 -18"><span class='ocrx_word' id='word_1_89' title='bbox 234 1545 366 1618; x_wconf 87' lang='lat' dir='ltr'>Quarum</span> <span class='ocrx_word' id='word_1_90' title='bbox 381 1563 458 1621; x_wconf 90' lang='lat' dir='ltr'>quae</span> <span class='ocrx_word' id='word_1_91' title='bbox 472 1543 566 1603; x_wconf 83' lang='lat' dir='ltr'>forma</span> <span class='ocrx_word' id='word_1_92' title='bbox 580 1542 774 1620; x_wconf 90' lang='lat' dir='ltr'>pulcherrima</span> <span class='ocrx_word' id='word_1_93' title='bbox 789 1541 931 1618; x_wconf 79' lang='lat' dir='ltr'>Deiopea,</span> 
     </span>
     <span class='ocr_line' id='line_1_14' title="bbox 212 1634 990 1715; baseline -0.004 -18"><span class='ocrx_word' id='word_1_94' title='bbox 212 1680 216 1688; x_wconf 80' lang='lat'><em>·</em></span> <span class='ocrx_word' id='word_1_95' title='bbox 234 1636 393 1697; x_wconf 89' lang='lat' dir='ltr'>Connubio</span> <span class='ocrx_word' id='word_1_96' title='bbox 405 1638 527 1715; x_wconf 85' lang='lat' dir='ltr'>jungam</span> <span class='ocrx_word' id='word_1_97' title='bbox 542 1635 640 1695; x_wconf 88' lang='lat' dir='ltr'>stabili</span> <span class='ocrx_word' id='word_1_98' title='bbox 652 1635 859 1712; x_wconf 87' lang='lat' dir='ltr'>propriamque</span> <span class='ocrx_word' id='word_1_99' title='bbox 875 1634 990 1708; x_wconf 89' lang='lat' dir='ltr'>dicabo,</span> 
     </span>
     <span class='ocr_line' id='line_1_15' title="bbox 234 1727 929 1805; baseline -0.006 -15"><span class='ocrx_word' id='word_1_100' title='bbox 234 1730 346 1790; x_wconf 90' lang='lat' dir='ltr'>Omnes</span> <span class='ocrx_word' id='word_1_101' title='bbox 361 1741 393 1789; x_wconf 93' lang='lat' dir='ltr'>ut</span> <span class='ocrx_word' id='word_1_102' title='bbox 408 1740 506 1788; x_wconf 90' lang='lat' dir='ltr'>tecum</span> <span class='ocrx_word' id='word_1_103' title='bbox 519 1728 630 1788; x_wconf 88' lang='lat' dir='ltr'>meritis</span> <span class='ocrx_word' id='word_1_104' title='bbox 644 1747 703 1805; x_wconf 89' lang='lat' dir='ltr'>pro</span> <span class='ocrx_word' id='word_1_105' title='bbox 713 1727 821 1789; x_wconf 84' lang='lat' dir='ltr'>talibus</span> <span class='ocrx_word' id='word_1_106' title='bbox 835 1747 929 1788; x_wconf 84' lang='lat' dir='ltr'>annos</span> 
     </span>
     <span class='ocr_line' id='line_1_16' title="bbox 234 1821 932 1904; baseline -0.003 -24"><span class='ocrx_word' id='word_1_107' title='bbox 234 1822 338 1898; x_wconf 80' lang='lat' dir='ltr'>Erigat</span> <span class='ocrx_word' id='word_1_108' title='bbox 353 1832 383 1881; x_wconf 91' lang='lat' dir='ltr'>et</span> <span class='ocrx_word' id='word_1_109' title='bbox 396 1822 519 1898; x_wconf 87' lang='lat' dir='ltr'>pulchra</span> <span class='ocrx_word' id='word_1_110' title='bbox 531 1821 619 1880; x_wconf 86' lang='lat' dir='ltr'>faciat</span> <span class='ocrx_word' id='word_1_111' title='bbox 632 1831 662 1880; x_wconf 88' lang='lat' dir='ltr'>te</span> <span class='ocrx_word' id='word_1_112' title='bbox 676 1822 758 1897; x_wconf 91' lang='lat' dir='ltr'>prole</span> <span class='ocrx_word' id='word_1_113' title='bbox 773 1831 932 1904; x_wconf 70' lang='lat' dir='ltr'>parentem.</span> 
     </span>
     <span class='ocr_line' id='line_1_17' title="bbox 274 1912 1073 1990; baseline -0.001 -17"><span class='ocrx_word' id='word_1_114' title='bbox 274 1916 385 1974; x_wconf 91' lang='lat' dir='ltr'>Aeolus</span> <span class='ocrx_word' id='word_1_115' title='bbox 399 1914 473 1974; x_wconf 90' lang='lat' dir='ltr'>haec</span> <span class='ocrx_word' id='word_1_116' title='bbox 487 1925 609 1973; x_wconf 87' lang='lat' dir='ltr'>contra:</span> <span class='ocrx_word' id='word_1_117' title='bbox 629 1915 720 1986; x_wconf 91' lang='lat' dir='ltr'>Tuus,</span> <span class='ocrx_word' id='word_1_118' title='bbox 736 1931 755 1973; x_wconf 90' lang='lat' dir='ltr'>o</span> <span class='ocrx_word' id='word_1_119' title='bbox 770 1914 878 1990; x_wconf 87' lang='lat' dir='ltr'>regina,</span> <span class='ocrx_word' id='word_1_120' title='bbox 894 1912 966 1988; x_wconf 91' lang='lat' dir='ltr'>quid</span> <span class='ocrx_word' id='word_1_121' title='bbox 980 1923 1073 1990; x_wconf 78' lang='lat' dir='ltr'>opteS,</span> 
     </span>
     <span class='ocr_line' id='line_1_18' title="bbox 235 2006 993 2086; baseline -0.003 -20"><span class='ocrx_word' id='word_1_122' title='bbox 235 2009 394 2084; x_wconf 83' lang='lat' dir='ltr'>Explorate</span> <span class='ocrx_word' id='word_1_123' title='bbox 409 2009 512 2082; x_wconf 77' lang='lat' dir='ltr'>labor,</span> <span class='ocrx_word' id='word_1_124' title='bbox 532 2006 605 2065; x_wconf 89' lang='lat' dir='ltr'>mihi</span> <span class='ocrx_word' id='word_1_125' title='bbox 616 2008 700 2086; x_wconf 75' lang='lat' dir='ltr'>Jussa</span> <span class='ocrx_word' id='word_1_126' title='bbox 712 2025 867 2082; x_wconf 83' lang='lat' dir='ltr'>capessere</span> <span class='ocrx_word' id='word_1_127' title='bbox 882 2006 925 2065; x_wconf 83' lang='lat' dir='ltr'>ias</span> <span class='ocrx_word' id='word_1_128' title='bbox 940 2017 993 2066; x_wconf 90' lang='lat' dir='ltr'>est.</span> 
     </span>
     <span class='ocr_line' id='line_1_19' title="bbox 233 2099 1128 2177; baseline -0.001 -18"><span class='ocrx_word' id='word_1_129' title='bbox 233 2103 281 2160; x_wconf 92' lang='lat' dir='ltr'>Tu</span> <span class='ocrx_word' id='word_1_130' title='bbox 294 2100 374 2175; x_wconf 91' lang='lat' dir='ltr'>mihi,</span> <span class='ocrx_word' id='word_1_131' title='bbox 390 2102 597 2177; x_wconf 90' lang='lat' dir='ltr'>quodcumque</span> <span class='ocrx_word' id='word_1_132' title='bbox 611 2100 669 2158; x_wconf 93' lang='lat' dir='ltr'>hoc</span> <span class='ocrx_word' id='word_1_133' title='bbox 683 2099 773 2176; x_wconf 88' lang='lat' dir='ltr'>regni,</span> <span class='ocrx_word' id='word_1_134' title='bbox 790 2110 821 2159; x_wconf 91' lang='lat' dir='ltr'>tu</span> <span class='ocrx_word' id='word_1_135' title='bbox 836 2109 950 2175; x_wconf 87' lang='lat' dir='ltr'>sceptra</span> <span class='ocrx_word' id='word_1_136' title='bbox 963 2101 1128 2175; x_wconf 85' lang='lat' dir='ltr'>Jovemque</span> 
     </span>
     <span class='ocr_line' id='line_1_20' title="bbox 234 2192 924 2269; baseline 0 -15"><span class='ocrx_word' id='word_1_137' title='bbox 234 2193 392 2267; x_wconf 91' lang='lat' dir='ltr'>Concilias,</span> <span class='ocrx_word' id='word_1_138' title='bbox 408 2206 439 2254; x_wconf 94' lang='lat' dir='ltr'>tu</span> <span class='ocrx_word' id='word_1_139' title='bbox 454 2195 507 2253; x_wconf 88' lang='lat' dir='ltr'>das</span> <span class='ocrx_word' id='word_1_140' title='bbox 521 2193 614 2269; x_wconf 89' lang='lat' dir='ltr'>epulis</span> <span class='ocrx_word' id='word_1_141' title='bbox 628 2193 802 2253; x_wconf 84' lang='lat' dir='ltr'>accumbere</span> <span class='ocrx_word' id='word_1_142' title='bbox 816 2192 924 2265; x_wconf 86' lang='lat' dir='ltr'>divum,</span> 
     </span>
     <span class='ocr_line' id='line_1_21' title="bbox 234 2286 1008 2367; baseline 0 -23"><span class='ocrx_word' id='word_1_143' title='bbox 234 2288 263 2367; x_wconf 83' lang='lat' dir='ltr'>N</span> <span class='ocrx_word' id='word_1_144' title='bbox 266 2286 468 2364; x_wconf 88' lang='lat' dir='ltr'>imborumque</span> <span class='ocrx_word' id='word_1_145' title='bbox 482 2287 553 2345; x_wconf 88' lang='lat' dir='ltr'>sacis</span> <span class='ocrx_word' id='word_1_146' title='bbox 567 2296 833 2364; x_wconf 87' lang='lat' dir='ltr'>tempestatumque</span> <span class='ocrx_word' id='word_1_147' title='bbox 848 2294 1008 2363; x_wconf 90' lang='lat' dir='ltr'>potentem.</span> 
     </span>
     <span class='ocr_line' id='line_1_22' title="bbox 274 2378 1088 2455; baseline 0.001 -17"><span class='ocrx_word' id='word_1_148' title='bbox 274 2382 361 2440; x_wconf 85' lang='lat' dir='ltr'>Haec</span> <span class='ocrx_word' id='word_1_149' title='bbox 374 2380 425 2439; x_wconf 89' lang='lat' dir='ltr'>ubi</span> <span class='ocrx_word' id='word_1_150' title='bbox 440 2380 528 2453; x_wconf 87' lang='lat' dir='ltr'>dicta,</span> <span class='ocrx_word' id='word_1_151' title='bbox 544 2398 648 2439; x_wconf 90' lang='lat' dir='ltr'>cavum</span> <span class='ocrx_word' id='word_1_152' title='bbox 663 2398 805 2440; x_wconf 89' lang='lat' dir='ltr'>conversa</span> <span class='ocrx_word' id='word_1_153' title='bbox 819 2378 941 2455; x_wconf 90' lang='lat' dir='ltr'>cuspide</span> <span class='ocrx_word' id='word_1_154' title='bbox 956 2389 1088 2439; x_wconf 89' lang='lat' dir='ltr'>montem</span> 
     </span>
     <span class='ocr_line' id='line_1_23' title="bbox 234 2472 992 2549; baseline -0.001 -17"><span class='ocrx_word' id='word_1_155' title='bbox 234 2474 355 2549; x_wconf 91' lang='lat' dir='ltr'>Impulit</span> <span class='ocrx_word' id='word_1_156' title='bbox 370 2474 400 2531; x_wconf 92' lang='lat' dir='ltr'>in</span> <span class='ocrx_word' id='word_1_157' title='bbox 414 2474 507 2531; x_wconf 88' lang='lat' dir='ltr'>latus:</span> <span class='ocrx_word' id='word_1_158' title='bbox 528 2492 563 2532; x_wconf 91' lang='lat' dir='ltr'>ac</span> <span class='ocrx_word' id='word_1_159' title='bbox 577 2472 667 2546; x_wconf 88' lang='lat' dir='ltr'>venti,</span> <span class='ocrx_word' id='word_1_160' title='bbox 681 2473 762 2533; x_wconf 91' lang='lat' dir='ltr'>velut</span> <span class='ocrx_word' id='word_1_161' title='bbox 776 2472 891 2549; x_wconf 81' lang='lat' dir='ltr'>agmine</span> <span class='ocrx_word' id='word_1_162' title='bbox 906 2473 992 2544; x_wconf 86' lang='lat' dir='ltr'>laet0,</span> 
     </span>
     <span class='ocr_line' id='line_1_24' title="bbox 234 2565 1019 2643; baseline 0.001 -19"><span class='ocrx_word' id='word_1_163' title='bbox 234 2567 302 2641; x_wconf 89' lang='lat' dir='ltr'>Qua</span> <span class='ocrx_word' id='word_1_164' title='bbox 315 2568 385 2625; x_wconf 86' lang='lat' dir='ltr'>data</span> <span class='ocrx_word' id='word_1_165' title='bbox 398 2576 491 2641; x_wconf 83' lang='lat' dir='ltr'>porta,</span> <span class='ocrx_word' id='word_1_166' title='bbox 506 2576 594 2625; x_wconf 90' lang='lat' dir='ltr'>ruunt</span> <span class='ocrx_word' id='word_1_167' title='bbox 608 2576 637 2625; x_wconf 90' lang='lat' dir='ltr'>et</span> <span class='ocrx_word' id='word_1_168' title='bbox 652 2576 741 2625; x_wconf 88' lang='lat' dir='ltr'>terras</span> <span class='ocrx_word' id='word_1_169' title='bbox 755 2565 872 2625; x_wconf 88' lang='lat' dir='ltr'>turbine</span> <span class='ocrx_word' id='word_1_170' title='bbox 886 2566 1019 2643; x_wconf 86' lang='lat' dir='ltr'>perflant.</span> 
     </span>
     <span class='ocr_line' id='line_1_25' title="bbox 235 2658 1014 2734; baseline 0 -17"><span class='ocrx_word' id='word_1_171' title='bbox 235 2661 400 2719; x_wconf 89' lang='lat' dir='ltr'>Incubuere</span> <span class='ocrx_word' id='word_1_172' title='bbox 414 2658 494 2731; x_wconf 88' lang='lat' dir='ltr'>mari,</span> <span class='ocrx_word' id='word_1_173' title='bbox 511 2668 663 2734; x_wconf 89' lang='lat' dir='ltr'>totumque</span> <span class='ocrx_word' id='word_1_174' title='bbox 677 2678 696 2717; x_wconf 88' lang='lat' dir='ltr'>a</span> <span class='ocrx_word' id='word_1_175' title='bbox 709 2658 828 2718; x_wconf 91' lang='lat' dir='ltr'>sedibus</span> <span class='ocrx_word' id='word_1_176' title='bbox 843 2658 908 2717; x_wconf 88' lang='lat' dir='ltr'>imis</span> <span class='ocrx_word' id='word_1_177' title='bbox 1012 2726 1014 2731; x_wconf 82' lang='lat'><em>.</em></span> 
     </span>
     <span class='ocr_line' id='line_1_26' title="bbox 233 2752 1069 2828; baseline 0 -17"><span class='ocrx_word' id='word_1_178' title='bbox 233 2753 304 2811; x_wconf 87' lang='lat' dir='ltr'>Una</span> <span class='ocrx_word' id='word_1_179' title='bbox 319 2754 471 2827; x_wconf 87' lang='lat' dir='ltr'>Eurusque</span> <span class='ocrx_word' id='word_1_180' title='bbox 487 2754 643 2827; x_wconf 89' lang='lat' dir='ltr'>Notusque</span> <span class='ocrx_word' id='word_1_181' title='bbox 657 2762 744 2811; x_wconf 92' lang='lat' dir='ltr'>ruunt</span> <span class='ocrx_word' id='word_1_182' title='bbox 758 2754 918 2827; x_wconf 90' lang='lat' dir='ltr'>creberque</span> <span class='ocrx_word' id='word_1_183' title='bbox 933 2752 1069 2828; x_wconf 89' lang='lat' dir='ltr'>procellis</span> 
     </span>
     <span class='ocr_line' id='line_1_27' title="bbox 234 2844 930 2917; baseline 0.003 -16"><span class='ocrx_word' id='word_1_184' title='bbox 234 2845 358 2917; x_wconf 79' lang='lat' dir='ltr'>Africus,</span> <span class='ocrx_word' id='word_1_185' title='bbox 374 2854 403 2903; x_wconf 91' lang='lat' dir='ltr'>et</span> <span class='ocrx_word' id='word_1_186' title='bbox 416 2854 515 2903; x_wconf 89' lang='lat' dir='ltr'>vastos</span> <span class='ocrx_word' id='word_1_187' title='bbox 529 2845 651 2903; x_wconf 87' lang='lat' dir='ltr'>volvunt</span> <span class='ocrx_word' id='word_1_188' title='bbox 665 2845 704 2904; x_wconf 90' lang='lat' dir='ltr'>ad</span> <span class='ocrx_word' id='word_1_189' title='bbox 717 2844 803 2905; x_wconf 88' lang='lat' dir='ltr'>litora</span> <span class='ocrx_word' id='word_1_190' title='bbox 817 2844 930 2905; x_wconf 89' lang='lat' dir='ltr'>fluctus.</span> 
     </span>
     <span class='ocr_line' id='line_1_28' title="bbox 233 2936 1076 3013; baseline 0.002 -17"><span class='ocrx_word' id='word_1_191' title='bbox 233 2936 403 3013; x_wconf 89' lang='lat' dir='ltr'>Insequitur</span> <span class='ocrx_word' id='word_1_192' title='bbox 416 2938 585 3012; x_wconf 90' lang='lat' dir='ltr'>clamorque</span> <span class='ocrx_word' id='word_1_193' title='bbox 599 2936 692 2999; x_wconf 88' lang='lat' dir='ltr'>virum</span> <span class='ocrx_word' id='word_1_194' title='bbox 706 2937 870 3013; x_wconf 84' lang='lat' dir='ltr'>stridorque</span> <span class='ocrx_word' id='word_1_195' title='bbox 885 2938 1055 3010; x_wconf 80' lang='lat' dir='ltr'>rudentum.¹</span> <span class='ocrx_word' id='word_1_196' title='bbox 1074 3004 1076 3009; x_wconf 56' lang='grc'>,</span> 
     </span>
     <span class='ocr_line' id='line_1_29' title="bbox 233 3029 929 3107; baseline 0 -18"><span class='ocrx_word' id='word_1_197' title='bbox 233 3029 368 3107; x_wconf 87' lang='lat' dir='ltr'>Eripiunt</span> <span class='ocrx_word' id='word_1_198' title='bbox 382 3029 479 3089; x_wconf 91' lang='lat' dir='ltr'>subito</span> <span class='ocrx_word' id='word_1_199' title='bbox 493 3031 587 3089; x_wconf 90' lang='lat' dir='ltr'>nubes</span> <span class='ocrx_word' id='word_1_200' title='bbox 600 3031 776 3107; x_wconf 88' lang='lat' dir='ltr'>coelumque</span> <span class='ocrx_word' id='word_1_201' title='bbox 791 3031 929 3107; x_wconf 89' lang='lat' dir='ltr'>diemque</span> 
     </span>
     <span class='ocr_line' id='line_1_30' title="bbox 186 3122 998 3200; baseline 0.001 -18"><span class='ocrx_word' id='word_1_202' title='bbox 186 3151 190 3158; x_wconf 58' lang='lat'>&lt;</span> <span class='ocrx_word' id='word_1_203' title='bbox 232 3125 413 3183; x_wconf 90' lang='lat' dir='ltr'>Teucrorum</span> <span class='ocrx_word' id='word_1_204' title='bbox 428 3142 465 3181; x_wconf 82' lang='lat' dir='ltr'>ex</span> <span class='ocrx_word' id='word_1_205' title='bbox 479 3122 571 3182; x_wconf 90' lang='lat' dir='ltr'>oculis</span> <span class='ocrx_word' id='word_1_206' title='bbox 583 3144 592 3196; x_wconf 83' lang='lat'><em>3</em></span> <span class='ocrx_word' id='word_1_207' title='bbox 611 3134 706 3200; x_wconf 90' lang='lat' dir='ltr'>ponto</span> <span class='ocrx_word' id='word_1_208' title='bbox 720 3143 781 3182; x_wconf 88' lang='lat' dir='ltr'>nox</span> <span class='ocrx_word' id='word_1_209' title='bbox 795 3124 916 3183; x_wconf 88' lang='lat' dir='ltr'>incubat</span> <span class='ocrx_word' id='word_1_210' title='bbox 931 3134 998 3183; x_wconf 89' lang='lat' dir='ltr'>atra.</span> 
     </span>
     <span class='ocr_line' id='line_1_31' title="bbox 232 3214 1004 3293; baseline -0.001 -17"><span class='ocrx_word' id='word_1_211' title='bbox 232 3220 393 3276; x_wconf 84' lang='lat' dir='ltr'>Intonuere</span> <span class='ocrx_word' id='word_1_212' title='bbox 407 3214 476 3293; x_wconf 91' lang='lat' dir='ltr'>poli,</span> <span class='ocrx_word' id='word_1_213' title='bbox 493 3225 522 3274; x_wconf 90' lang='lat' dir='ltr'>et</span> <span class='ocrx_word' id='word_1_214' title='bbox 536 3217 645 3275; x_wconf 89' lang='lat' dir='ltr'>crebris</span> <span class='ocrx_word' id='word_1_215' title='bbox 658 3217 748 3276; x_wconf 89' lang='lat' dir='ltr'>micat</span> <span class='ocrx_word' id='word_1_216' title='bbox 765 3215 881 3292; x_wconf 85' lang='lat' dir='ltr'>ignibus</span> <span class='ocrx_word' id='word_1_217' title='bbox 896 3216 1004 3289; x_wconf 86' lang='lat' dir='ltr'>aether,</span> 
     </span>
     <span class='ocr_line' id='line_1_32' title="bbox 233 3308 1030 3386; baseline 0.005 -19"><span class='ocrx_word' id='word_1_218' title='bbox 233 3312 478 3384; x_wconf 88' lang='lat' dir='ltr'>Praesentemque</span> <span class='ocrx_word' id='word_1_219' title='bbox 493 3309 561 3368; x_wconf 87' lang='lat' dir='ltr'>viris</span> <span class='ocrx_word' id='word_1_220' title='bbox 576 3308 723 3367; x_wconf 87' lang='lat' dir='ltr'>intentant</span> <span class='ocrx_word' id='word_1_221' title='bbox 736 3308 837 3367; x_wconf 88' lang='lat' dir='ltr'>omnia</span> <span class='ocrx_word' id='word_1_222' title='bbox 850 3320 983 3369; x_wconf 88' lang='lat' dir='ltr'>mortem.</span> <span class='ocrx_word' id='word_1_223' title='bbox 1005 3364 1030 3386; x_wconf 56' lang='lat'>„-</span> 
     </span>
     <span class='ocr_line' id='line_1_33' title="bbox 232 3382 1084 3478; baseline -0.005 -18"><span class='ocrx_word' id='word_1_224' title='bbox 232 3402 389 3478; x_wconf 82' lang='lat' dir='ltr'>Extemplo</span> <span class='ocrx_word' id='word_1_225' title='bbox 405 3404 526 3461; x_wconf 88' lang='lat' dir='ltr'>Aeneae</span> <span class='ocrx_word' id='word_1_226' title='bbox 541 3401 694 3460; x_wconf 90' lang='lat' dir='ltr'>solvuntur</span> <span class='ocrx_word' id='word_1_227' title='bbox 707 3400 812 3477; x_wconf 83' lang='lat' dir='ltr'>frigore</span> <span class='ocrx_word' id='word_1_228' title='bbox 826 3402 978 3476; x_wconf 69' lang='lat' dir='ltr'>membra,</span> <span class='ocrx_word' id='word_1_229' title='bbox 991 3382 1003 3397; x_wconf 47' lang='lat'><strong><em>‘</em></strong></span> <span class='ocrx_word' id='word_1_230' title='bbox 1080 3446 1084 3456; x_wconf 94' lang='lat'><em>.</em></span> 
     </span>
     <span class='ocr_line' id='line_1_34' title="bbox 231 3490 993 3571; baseline 0.003 -19"><span class='ocrx_word' id='word_1_231' title='bbox 231 3494 367 3571; x_wconf 85' lang='lat' dir='ltr'>Ingemit,</span> <span class='ocrx_word' id='word_1_232' title='bbox 383 3504 413 3553; x_wconf 90' lang='lat' dir='ltr'>et</span> <span class='ocrx_word' id='word_1_233' title='bbox 427 3493 560 3570; x_wconf 89' lang='lat' dir='ltr'>duplices</span> <span class='ocrx_word' id='word_1_234' title='bbox 574 3490 700 3553; x_wconf 88' lang='lat' dir='ltr'>tendens</span> <span class='ocrx_word' id='word_1_235' title='bbox 714 3495 753 3553; x_wconf 92' lang='lat' dir='ltr'>ad</span> <span class='ocrx_word' id='word_1_236' title='bbox 767 3493 863 3555; x_wconf 88' lang='lat' dir='ltr'>sidera</span> <span class='ocrx_word' id='word_1_237' title='bbox 879 3495 993 3570; x_wconf 84' lang='lat' dir='ltr'>palmas</span> 
     </span>
     <span class='ocr_line' id='line_1_35' title="bbox 229 3586 967 3663; baseline 0 -18"><span class='ocrx_word' id='word_1_238' title='bbox 229 3586 316 3647; x_wconf 90' lang='lat' dir='ltr'>Talia</span> <span class='ocrx_word' id='word_1_239' title='bbox 329 3606 403 3646; x_wconf 92' lang='lat' dir='ltr'>voce</span> <span class='ocrx_word' id='word_1_240' title='bbox 418 3588 523 3647; x_wconf 86' lang='lat' dir='ltr'>refert:</span> <span class='ocrx_word' id='word_1_241' title='bbox 544 3586 572 3645; x_wconf 94' lang='grc' dir='ltr'><strong>Ο</strong></span> <span class='ocrx_word' id='word_1_242' title='bbox 586 3594 688 3661; x_wconf 90' lang='lat' dir='ltr'>terque</span> <span class='ocrx_word' id='word_1_243' title='bbox 703 3596 865 3663; x_wconf 86' lang='lat' dir='ltr'>quaterque</span> <span class='ocrx_word' id='word_1_244' title='bbox 878 3587 967 3661; x_wconf 89' lang='lat' dir='ltr'>beati,</span> 
     </span>
     <span class='ocr_line' id='line_1_36' title="bbox 231 3679 1024 3756; baseline 0 -17"><span class='ocrx_word' id='word_1_245' title='bbox 231 3680 306 3753; x_wconf 91' lang='lat' dir='ltr'>Quis</span> <span class='ocrx_word' id='word_1_246' title='bbox 321 3690 390 3739; x_wconf 87' lang='lat' dir='ltr'>ante</span> <span class='ocrx_word' id='word_1_247' title='bbox 405 3698 457 3739; x_wconf 91' lang='lat' dir='ltr'>ora</span> <span class='ocrx_word' id='word_1_248' title='bbox 469 3689 583 3755; x_wconf 89' lang='lat' dir='ltr'>patrum</span> <span class='ocrx_word' id='word_1_249' title='bbox 598 3679 705 3756; x_wconf 87' lang='lat' dir='ltr'>Trojae</span> <span class='ocrx_word' id='word_1_250' title='bbox 720 3680 775 3737; x_wconf 91' lang='lat' dir='ltr'>sub</span> <span class='ocrx_word' id='word_1_251' title='bbox 789 3679 943 3739; x_wconf 89' lang='lat' dir='ltr'>moenibus</span> <span class='ocrx_word' id='word_1_252' title='bbox 959 3681 1024 3741; x_wconf 89' lang='lat' dir='ltr'>altis</span> 
     </span>
     <span class='ocr_line' id='line_1_37' title="bbox 230 3760 1008 3851; baseline -0.003 -18"><span class='ocrx_word' id='word_1_253' title='bbox 230 3773 365 3851; x_wconf 88' lang='lat' dir='ltr'>Contigit</span> <span class='ocrx_word' id='word_1_254' title='bbox 379 3781 519 3849; x_wconf 91' lang='lat' dir='ltr'>oppetere</span> <span class='ocrx_word' id='word_1_255' title='bbox 530 3776 545 3831; x_wconf 81' lang='lat' dir='ltr'>t</span> <span class='ocrx_word' id='word_1_256' title='bbox 554 3760 578 3831; x_wconf 74' lang='lat' dir='ltr'>&#39;o</span> <span class='ocrx_word' id='word_1_257' title='bbox 592 3772 730 3835; x_wconf 86' lang='lat' dir='ltr'>Danaum</span> <span class='ocrx_word' id='word_1_258' title='bbox 744 3771 899 3831; x_wconf 83' lang='lat' dir='ltr'>fortissime</span> <span class='ocrx_word' id='word_1_259' title='bbox 913 3772 1008 3850; x_wconf 87' lang='lat' dir='ltr'>gentis</span> 
     </span>
    </p>
   </div>
   <div class='ocr_carea' id='block_1_3' title="bbox 0 0 1514 4700">
    <p class='ocr_par' dir='ltr' id='par_1_3' title="bbox 0 0 1514 4700">
     <span class='ocr_line' id='line_1_38' title="bbox 0 0 1514 4700; baseline 0 2"><span class='ocrx_word' id='word_1_260' title='bbox 0 0 1514 4700; x_wconf 95' lang='lat' dir='ltr'> </span> 
     </span>
    </p>
   </div>
  </div>
 </body>
</html>
