<?xml version="1.0" encoding="UTF-8"?>
<!DOCTYPE html PUBLIC "-//W3C//DTD XHTML 1.0 Transitional//EN"
    "http://www.w3.org/TR/xhtml1/DTD/xhtml1-transitional.dtd">
<html xmlns="http://www.w3.org/1999/xhtml" xml:lang="en" lang="en">
 <head>
  <title>
</title>
<meta http-equiv="Content-Type" content="text/html;charset=utf-8" />
  <meta name='ocr-system' content='tesseract 3.04.00' />
  <meta name='ocr-capabilities' content='ocr_page ocr_carea ocr_par ocr_line ocrx_word'/>
</head>
<body>
  <div class='ocr_page' id='page_1' title='image "./selectionsfromo01virggoog_0073.png"; bbox 0 0 3017 4700; ppageno 0'>
   <div class='ocr_carea' id='block_1_1' title="bbox 337 827 1104 980">
    <p class='ocr_par' dir='ltr' id='par_1_1' title="bbox 337 827 1104 980">
     <span class='ocr_line' id='line_1_1' title="bbox 337 827 1104 980; baseline -0.017 0"><span class='ocrx_word' id='word_1_1' title='bbox 337 877 404 980; x_wconf 56' lang='lat' dir='ltr'>‘R</span> <span class='ocrx_word' id='word_1_2' title='bbox 441 871 698 968; x_wconf 77' lang='lat' dir='ltr'>ovibu</span> <span class='ocrx_word' id='word_1_3' title='bbox 738 827 1104 967; x_wconf 53' lang='lat' dir='ltr'>unsours&#39;</span> 
     </span>
    </p>
   </div>
   <div class='ocr_carea' id='block_1_2' title="bbox 472 1127 957 1196">
    <p class='ocr_par' dir='ltr' id='par_1_2' title="bbox 472 1127 957 1196">
     <span class='ocr_line' id='line_1_2' title="bbox 472 1127 957 1196; baseline -0.006 -1"><span class='ocrx_word' id='word_1_4' title='bbox 472 1127 707 1196; x_wconf 89' lang='lat' dir='ltr'>TRISTIUM</span> <span class='ocrx_word' id='word_1_5' title='bbox 731 1129 876 1192; x_wconf 90' lang='lat' dir='ltr'><strong>LIBER</strong></span> <span class='ocrx_word' id='word_1_6' title='bbox 901 1129 957 1192; x_wconf 88' lang='lat' dir='ltr'>IV.</span> 
     </span>
    </p>
   </div>
   <div class='ocr_carea' id='block_1_3' title="bbox 662 1353 761 1388">
    <p class='ocr_par' dir='ltr' id='par_1_3' title="bbox 662 1353 761 1388">
     <span class='ocr_line' id='line_1_3' title="bbox 662 1353 761 1388; baseline 0 -12"><span class='ocrx_word' id='word_1_7' title='bbox 662 1353 761 1388; x_wconf 59' lang='lat'>...4-</span> 
     </span>
    </p>
   </div>
   <div class='ocr_carea' id='block_1_4' title="bbox 577 1529 929 1625">
    <p class='ocr_par' dir='ltr' id='par_1_4' title="bbox 577 1529 929 1625">
     <span class='ocr_line' id='line_1_4' title="bbox 577 1529 929 1625; baseline -0.009 -37"><span class='ocrx_word' id='word_1_8' title='bbox 577 1529 775 1589; x_wconf 90' lang='lat' dir='ltr'><strong>ELEGIA</strong></span> <span class='ocrx_word' id='word_1_9' title='bbox 805 1529 850 1586; x_wconf 91' lang='lat' dir='ltr'>X.</span> <span class='ocrx_word' id='word_1_10' title='bbox 926 1620 929 1625; x_wconf 25' lang='grc' dir='ltr'><strong><em>Ι</em></strong></span> 
     </span>
    </p>
   </div>
   <div class='ocr_carea' id='block_1_5' title="bbox 227 1690 1062 3898">
    <p class='ocr_par' dir='ltr' id='par_1_5' title="bbox 228 1690 1009 1862">
     <span class='ocr_line' id='line_1_5' title="bbox 228 1690 1009 1770; baseline -0.005 -18"><span class='ocrx_word' id='word_1_11' title='bbox 228 1696 303 1752; x_wconf 80' lang='lat' dir='ltr'>Irus</span> <span class='ocrx_word' id='word_1_12' title='bbox 318 1711 381 1770; x_wconf 84' lang='lat' dir='ltr'>ego,</span> <span class='ocrx_word' id='word_1_13' title='bbox 397 1691 449 1769; x_wconf 90' lang='lat' dir='ltr'>qui</span> <span class='ocrx_word' id='word_1_14' title='bbox 463 1690 575 1764; x_wconf 84' lang='lat' dir='ltr'>fuerim,</span> <span class='ocrx_word' id='word_1_15' title='bbox 591 1699 758 1750; x_wconf 89' lang='lat' dir='ltr'>tenerorum</span> <span class='ocrx_word' id='word_1_16' title='bbox 773 1691 855 1749; x_wconf 90' lang='lat' dir='ltr'>lusor</span> <span class='ocrx_word' id='word_1_17' title='bbox 867 1701 1009 1763; x_wconf 88' lang='lat' dir='ltr'>amorum,</span> 
     </span>
     <span class='ocr_line' id='line_1_6' title="bbox 267 1782 918 1862; baseline -0.003 -16"><span class='ocrx_word' id='word_1_18' title='bbox 267 1787 366 1860; x_wconf 89' lang='lat' dir='ltr'>Quem</span> <span class='ocrx_word' id='word_1_19' title='bbox 381 1785 461 1862; x_wconf 89' lang='lat' dir='ltr'>legis,</span> <span class='ocrx_word' id='word_1_20' title='bbox 477 1795 509 1844; x_wconf 91' lang='lat' dir='ltr'>ut</span> <span class='ocrx_word' id='word_1_21' title='bbox 523 1783 611 1858; x_wconf 89' lang='lat' dir='ltr'>noris,</span> <span class='ocrx_word' id='word_1_22' title='bbox 627 1783 738 1860; x_wconf 81' lang='lat' dir='ltr'>accipe,</span> <span class='ocrx_word' id='word_1_23' title='bbox 753 1782 918 1860; x_wconf 82' lang='lat' dir='ltr'><strong>posteritas.</strong></span> 
     </span>
    </p>

    <p class='ocr_par' dir='ltr' id='par_1_6' title="bbox 228 1876 1001 2050">
     <span class='ocr_line' id='line_1_7' title="bbox 228 1876 1001 1956; baseline -0.005 -16"><span class='ocrx_word' id='word_1_24' title='bbox 228 1880 329 1940; x_wconf 87' lang='lat' dir='ltr'>Sulmo</span> <span class='ocrx_word' id='word_1_25' title='bbox 344 1878 416 1938; x_wconf 89' lang='lat' dir='ltr'>mihi</span> <span class='ocrx_word' id='word_1_26' title='bbox 430 1877 523 1956; x_wconf 87' lang='lat' dir='ltr'>patria</span> <span class='ocrx_word' id='word_1_27' title='bbox 537 1888 589 1952; x_wconf 89' lang='lat' dir='ltr'>est,</span> <span class='ocrx_word' id='word_1_28' title='bbox 604 1876 710 1954; x_wconf 84' lang='lat' dir='ltr'>gelidis</span> <span class='ocrx_word' id='word_1_29' title='bbox 724 1876 890 1936; x_wconf 88' lang='lat' dir='ltr'>uberrimus</span> <span class='ocrx_word' id='word_1_30' title='bbox 903 1876 1001 1950; x_wconf 85' lang='lat' dir='ltr'>undis,</span> 
     </span>
     <span class='ocr_line' id='line_1_8' title="bbox 268 1967 941 2050; baseline -0.006 -18"><span class='ocrx_word' id='word_1_31' title='bbox 268 1972 365 2032; x_wconf 90' lang='lat' dir='ltr'>Millia</span> <span class='ocrx_word' id='word_1_32' title='bbox 379 1972 429 2050; x_wconf 91' lang='lat' dir='ltr'>qui</span> <span class='ocrx_word' id='word_1_33' title='bbox 444 1967 547 2032; x_wconf 78' lang='lat' dir='ltr'>novies</span> <span class='ocrx_word' id='word_1_34' title='bbox 561 1971 650 2032; x_wconf 89' lang='lat' dir='ltr'>distat</span> <span class='ocrx_word' id='word_1_35' title='bbox 664 1971 703 2030; x_wconf 83' lang='lat' dir='ltr'>ab</span> <span class='ocrx_word' id='word_1_36' title='bbox 718 1972 802 2030; x_wconf 86' lang='lat' dir='ltr'>Urbe</span> <span class='ocrx_word' id='word_1_37' title='bbox 817 1971 941 2030; x_wconf 87' lang='lat' dir='ltr'>decem:</span> 
     </span>
    </p>

    <p class='ocr_par' dir='ltr' id='par_1_7' title="bbox 229 2061 1053 2232">
     <span class='ocr_line' id='line_1_9' title="bbox 229 2061 1053 2143; baseline -0.005 -17"><span class='ocrx_word' id='word_1_38' title='bbox 229 2067 334 2126; x_wconf 82' lang='lat' dir='ltr'>Editus</span> <span class='ocrx_word' id='word_1_39' title='bbox 349 2066 418 2126; x_wconf 91' lang='lat' dir='ltr'>hinc</span> <span class='ocrx_word' id='word_1_40' title='bbox 433 2085 489 2143; x_wconf 87' lang='lat' dir='ltr'>ego</span> <span class='ocrx_word' id='word_1_41' title='bbox 504 2085 589 2139; x_wconf 76' lang='lat' dir='ltr'>sum5</span> <span class='ocrx_word' id='word_1_42' title='bbox 610 2079 750 2138; x_wconf 91' lang='lat' dir='ltr'>necnon,</span> <span class='ocrx_word' id='word_1_43' title='bbox 766 2073 800 2123; x_wconf 93' lang='lat' dir='ltr'>ut</span> <span class='ocrx_word' id='word_1_44' title='bbox 814 2074 949 2140; x_wconf 88' lang='lat' dir='ltr'>tempora</span> <span class='ocrx_word' id='word_1_45' title='bbox 963 2061 1053 2136; x_wconf 87' lang='lat' dir='ltr'>noris,</span> 
     </span>
     <span class='ocr_line' id='line_1_10' title="bbox 269 2154 920 2232; baseline -0.005 -16"><span class='ocrx_word' id='word_1_46' title='bbox 269 2158 370 2231; x_wconf 89' lang='lat' dir='ltr'><strong>Quum</strong></span> <span class='ocrx_word' id='word_1_47' title='bbox 384 2156 493 2217; x_wconf 91' lang='lat' dir='ltr'>cecidit</span> <span class='ocrx_word' id='word_1_48' title='bbox 505 2155 572 2214; x_wconf 44' lang='lat' dir='ltr'>tato*</span> <span class='ocrx_word' id='word_1_49' title='bbox 580 2157 684 2215; x_wconf 90' lang='lat' dir='ltr'>consul</span> <span class='ocrx_word' id='word_1_50' title='bbox 699 2158 823 2232; x_wconf 84' lang='lat' dir='ltr'>uterque</span> <span class='ocrx_word' id='word_1_51' title='bbox 837 2154 920 2231; x_wconf 81' lang='lat' dir='ltr'>pari3</span> 
     </span>
    </p>

    <p class='ocr_par' dir='ltr' id='par_1_8' title="bbox 229 2249 1062 2421">
     <span class='ocr_line' id='line_1_11' title="bbox 229 2249 1062 2328; baseline -0.005 -16"><span class='ocrx_word' id='word_1_52' title='bbox 229 2251 260 2312; x_wconf 91' lang='lat' dir='ltr'>Si</span> <span class='ocrx_word' id='word_1_53' title='bbox 274 2251 345 2328; x_wconf 92' lang='lat' dir='ltr'>quid</span> <span class='ocrx_word' id='word_1_54' title='bbox 360 2252 391 2312; x_wconf 91' lang='lat' dir='ltr'>id</span> <span class='ocrx_word' id='word_1_55' title='bbox 406 2262 458 2325; x_wconf 74' lang='lat' dir='ltr'>est,</span> <span class='ocrx_word' id='word_1_56' title='bbox 474 2268 567 2327; x_wconf 87' lang='lat' dir='ltr'>usque</span> <span class='ocrx_word' id='word_1_57' title='bbox 581 2269 600 2309; x_wconf 87' lang='lat' dir='ltr'>a</span> <span class='ocrx_word' id='word_1_58' title='bbox 613 2249 730 2327; x_wconf 89' lang='lat' dir='ltr'>proavis</span> <span class='ocrx_word' id='word_1_59' title='bbox 744 2260 829 2318; x_wconf 87' lang='lat' dir='ltr'>vetus</span> <span class='ocrx_word' id='word_1_60' title='bbox 844 2249 956 2310; x_wconf 86' lang='lat' dir='ltr'>ordinis</span> <span class='ocrx_word' id='word_1_61' title='bbox 968 2250 1062 2323; x_wconf 90' lang='lat' dir='ltr'>heres,</span> 
     </span>
     <span class='ocr_line' id='line_1_12' title="bbox 270 2345 967 2421; baseline -0.001 -17"><span class='ocrx_word' id='word_1_62' title='bbox 270 2347 341 2405; x_wconf 88' lang='lat' dir='ltr'>Non</span> <span class='ocrx_word' id='word_1_63' title='bbox 355 2345 446 2405; x_wconf 90' lang='lat' dir='ltr'>modo</span> <span class='ocrx_word' id='word_1_64' title='bbox 461 2345 609 2404; x_wconf 85' lang='lat' dir='ltr'><strong>Fortunae</strong></span> <span class='ocrx_word' id='word_1_65' title='bbox 623 2362 745 2404; x_wconf 89' lang='lat' dir='ltr'>munere</span> <span class='ocrx_word' id='word_1_66' title='bbox 759 2345 854 2405; x_wconf 82' lang='lat' dir='ltr'>factus</span> <span class='ocrx_word' id='word_1_67' title='bbox 869 2358 967 2421; x_wconf 79' lang='lat' dir='ltr'>eques</span> 
     </span>
    </p>

    <p class='ocr_par' dir='ltr' id='par_1_9' title="bbox 230 2438 1020 2608">
     <span class='ocr_line' id='line_1_13' title="bbox 230 2438 1020 2516; baseline -0.004 -16"><span class='ocrx_word' id='word_1_68' title='bbox 230 2442 295 2499; x_wconf 89' lang='lat' dir='ltr'>Nec</span> <span class='ocrx_word' id='word_1_69' title='bbox 309 2438 398 2515; x_wconf 85' lang='lat' dir='ltr'>stirps</span> <span class='ocrx_word' id='word_1_70' title='bbox 412 2438 507 2516; x_wconf 90' lang='lat' dir='ltr'>prima</span> <span class='ocrx_word' id='word_1_71' title='bbox 519 2439 579 2513; x_wconf 90' lang='lat' dir='ltr'>fui;</span> <span class='ocrx_word' id='word_1_72' title='bbox 599 2439 700 2515; x_wconf 88' lang='lat' dir='ltr'>genito</span> <span class='ocrx_word' id='word_1_73' title='bbox 715 2458 781 2498; x_wconf 91' lang='lat' dir='ltr'>sum</span> <span class='ocrx_word' id='word_1_74' title='bbox 796 2440 882 2497; x_wconf 84' lang='lat' dir='ltr'>fratre</span> <span class='ocrx_word' id='word_1_75' title='bbox 897 2448 1020 2512; x_wconf 87' lang='lat' dir='ltr'>creatus,</span> 
     </span>
     <span class='ocr_line' id='line_1_14' title="bbox 270 2532 982 2608; baseline -0.004 -16"><span class='ocrx_word' id='word_1_76' title='bbox 270 2532 330 2606; x_wconf 92' lang='lat' dir='ltr'>Qui</span> <span class='ocrx_word' id='word_1_77' title='bbox 344 2532 436 2593; x_wconf 90' lang='lat' dir='ltr'>tribus</span> <span class='ocrx_word' id='word_1_78' title='bbox 451 2543 519 2591; x_wconf 88' lang='lat' dir='ltr'>aute</span> <span class='ocrx_word' id='word_1_79' title='bbox 535 2543 638 2608; x_wconf 79' lang='lat' dir='ltr'><strong>quater</strong></span> <span class='ocrx_word' id='word_1_80' title='bbox 651 2532 803 2592; x_wconf 88' lang='lat' dir='ltr'>mensibus</span> <span class='ocrx_word' id='word_1_81' title='bbox 817 2542 898 2592; x_wconf 92' lang='lat' dir='ltr'>ortus</span> <span class='ocrx_word' id='word_1_82' title='bbox 912 2542 982 2595; x_wconf 87' lang='lat' dir='ltr'>erat.</span> 
     </span>
    </p>

    <p class='ocr_par' dir='ltr' id='par_1_10' title="bbox 230 2625 887 2795">
     <span class='ocr_line' id='line_1_15' title="bbox 230 2625 887 2700; baseline -0.003 -15"><span class='ocrx_word' id='word_1_83' title='bbox 230 2625 349 2686; x_wconf 81' lang='lat' dir='ltr'>Lucifer</span> <span class='ocrx_word' id='word_1_84' title='bbox 362 2627 517 2685; x_wconf 89' lang='lat' dir='ltr'>amborum</span> <span class='ocrx_word' id='word_1_85' title='bbox 531 2625 677 2686; x_wconf 85' lang='lat' dir='ltr'>natalibus</span> <span class='ocrx_word' id='word_1_86' title='bbox 692 2626 774 2685; x_wconf 80' lang='lat' dir='ltr'>affuit</span> <span class='ocrx_word' id='word_1_87' title='bbox 788 2626 887 2700; x_wconf 88' lang='lat' dir='ltr'>idem;</span> 
     </span>
     <span class='ocr_line' id='line_1_16' title="bbox 270 2718 863 2795; baseline 0.002 -18"><span class='ocrx_word' id='word_1_88' title='bbox 270 2720 341 2779; x_wconf 89' lang='lat' dir='ltr'>Una</span> <span class='ocrx_word' id='word_1_89' title='bbox 355 2720 503 2779; x_wconf 89' lang='lat' dir='ltr'>celebrata</span> <span class='ocrx_word' id='word_1_90' title='bbox 516 2727 563 2778; x_wconf 92' lang='lat' dir='ltr'>est</span> <span class='ocrx_word' id='word_1_91' title='bbox 576 2737 628 2795; x_wconf 91' lang='lat' dir='ltr'>per</span> <span class='ocrx_word' id='word_1_92' title='bbox 642 2719 701 2779; x_wconf 91' lang='lat' dir='ltr'>duo</span> <span class='ocrx_word' id='word_1_93' title='bbox 713 2718 777 2778; x_wconf 85' lang='lat' dir='ltr'>¹liba</span> <span class='ocrx_word' id='word_1_94' title='bbox 791 2720 863 2779; x_wconf 88' lang='lat' dir='ltr'>dies.</span> 
     </span>
    </p>

    <p class='ocr_par' dir='ltr' id='par_1_11' title="bbox 231 2811 1014 2983">
     <span class='ocr_line' id='line_1_17' title="bbox 231 2811 1014 2890; baseline 0.004 -21"><span class='ocrx_word' id='word_1_95' title='bbox 231 2813 317 2872; x_wconf 89' lang='lat' dir='ltr'>Haec</span> <span class='ocrx_word' id='word_1_96' title='bbox 332 2822 377 2871; x_wconf 89' lang='lat' dir='ltr'>est</span> <span class='ocrx_word' id='word_1_97' title='bbox 391 2811 542 2873; x_wconf 83' lang='lat' dir='ltr'>armiferae</span> <span class='ocrx_word' id='word_1_98' title='bbox 556 2812 638 2871; x_wconf 89' lang='lat' dir='ltr'>festis</span> <span class='ocrx_word' id='word_1_99' title='bbox 652 2812 690 2872; x_wconf 92' lang='lat' dir='ltr'>de</span> <span class='ocrx_word' id='word_1_100' title='bbox 705 2812 836 2890; x_wconf 88' lang='lat' dir='ltr'>quinque</span> <span class='ocrx_word' id='word_1_101' title='bbox 852 2812 1014 2887; x_wconf 90' lang='lat' dir='ltr'>Minervae,</span> 
     </span>
     <span class='ocr_line' id='line_1_18' title="bbox 270 2904 885 2983; baseline 0 -19"><span class='ocrx_word' id='word_1_102' title='bbox 270 2905 355 2979; x_wconf 88' lang='lat' dir='ltr'><strong>Quae</strong></span> <span class='ocrx_word' id='word_1_103' title='bbox 370 2904 432 2964; x_wconf 91' lang='lat' dir='ltr'>fieri</span> <span class='ocrx_word' id='word_1_104' title='bbox 446 2924 545 2982; x_wconf 87' lang='lat' dir='ltr'>pugna</span> <span class='ocrx_word' id='word_1_105' title='bbox 558 2906 653 2983; x_wconf 89' lang='lat' dir='ltr'>prima</span> <span class='ocrx_word' id='word_1_106' title='bbox 667 2914 788 2965; x_wconf 88' lang='lat' dir='ltr'>cruenta</span> <span class='ocrx_word' id='word_1_107' title='bbox 802 2906 885 2965; x_wconf 90' lang='lat' dir='ltr'>solet.</span> 
     </span>
    </p>

    <p class='ocr_par' dir='ltr' id='par_1_12' title="bbox 229 2998 967 3168">
     <span class='ocr_line' id='line_1_19' title="bbox 229 2998 944 3075; baseline 0.001 -17"><span class='ocrx_word' id='word_1_108' title='bbox 229 2998 367 3058; x_wconf 89' lang='lat' dir='ltr'>Protinus</span> <span class='ocrx_word' id='word_1_109' title='bbox 381 2998 542 3059; x_wconf 87' lang='lat' dir='ltr'>excolimur</span> <span class='ocrx_word' id='word_1_110' title='bbox 554 2998 656 3072; x_wconf 90' lang='lat' dir='ltr'>teneri,</span> <span class='ocrx_word' id='word_1_111' title='bbox 671 3010 800 3075; x_wconf 85' lang='lat' dir='ltr'>curaque</span> <span class='ocrx_word' id='word_1_112' title='bbox 813 3000 944 3075; x_wconf 87' lang='lat' dir='ltr'>parentis</span> 
     </span>
     <span class='ocr_line' id='line_1_20' title="bbox 270 3082 967 3168; baseline 0.001 -17"><span class='ocrx_word' id='word_1_113' title='bbox 270 3094 352 3152; x_wconf 89' lang='lat' dir='ltr'>Imus</span> <span class='ocrx_word' id='word_1_114' title='bbox 367 3092 405 3151; x_wconf 86' lang='lat' dir='ltr'>ad</span> <span class='ocrx_word' id='word_1_115' title='bbox 419 3090 548 3168; x_wconf 85' lang='lat' dir='ltr'>insignes</span> <span class='ocrx_word' id='word_1_116' title='bbox 563 3082 656 3151; x_wconf 85' lang='lat' dir='ltr'>Urbis</span> <span class='ocrx_word' id='word_1_117' title='bbox 671 3094 709 3151; x_wconf 85' lang='lat' dir='ltr'>ab</span> <span class='ocrx_word' id='word_1_118' title='bbox 723 3102 785 3151; x_wconf 91' lang='lat' dir='ltr'>arte</span> <span class='ocrx_word' id='word_1_119' title='bbox 798 3091 883 3152; x_wconf 88' lang='lat' dir='ltr'>viros.</span> <span class='ocrx_word' id='word_1_120' title='bbox 963 3110 967 3117; x_wconf 64' lang='lat'>¹</span> 
     </span>
    </p>

    <p class='ocr_par' dir='ltr' id='par_1_13' title="bbox 230 3184 952 3339">
     <span class='ocr_line' id='line_1_21' title="bbox 230 3184 952 3261; baseline 0.004 -18"><span class='ocrx_word' id='word_1_121' title='bbox 230 3186 332 3245; x_wconf 86' lang='lat' dir='ltr'>Frater</span> <span class='ocrx_word' id='word_1_122' title='bbox 345 3185 383 3244; x_wconf 86' lang='lat' dir='ltr'>ad</span> <span class='ocrx_word' id='word_1_123' title='bbox 399 3186 548 3261; x_wconf 85' lang='lat' dir='ltr'>eloquium</span> <span class='ocrx_word' id='word_1_124' title='bbox 562 3184 647 3245; x_wconf 92' lang='lat' dir='ltr'>viridi</span> <span class='ocrx_word' id='word_1_125' title='bbox 661 3186 803 3245; x_wconf 88' lang='lat' dir='ltr'>tendebat</span> <span class='ocrx_word' id='word_1_126' title='bbox 817 3188 855 3246; x_wconf 86' lang='lat' dir='ltr'>ab</span> <span class='ocrx_word' id='word_1_127' title='bbox 870 3204 952 3260; x_wconf 89' lang='lat' dir='ltr'>aevo,</span> 
     </span>
     <span class='ocr_line' id='line_1_22' title="bbox 269 3277 826 3339; baseline 0 -2"><span class='ocrx_word' id='word_1_128' title='bbox 269 3277 370 3338; x_wconf 91' lang='lat' dir='ltr'>Fortia</span> <span class='ocrx_word' id='word_1_129' title='bbox 384 3277 500 3337; x_wconf 87' lang='lat' dir='ltr'>verbosi</span> <span class='ocrx_word' id='word_1_130' title='bbox 514 3289 601 3337; x_wconf 90' lang='lat' dir='ltr'>natus</span> <span class='ocrx_word' id='word_1_131' title='bbox 616 3280 654 3339; x_wconf 85' lang='lat' dir='ltr'>ad</span> <span class='ocrx_word' id='word_1_132' title='bbox 668 3298 749 3339; x_wconf 85' lang='lat' dir='ltr'>arma</span> <span class='ocrx_word' id='word_1_133' title='bbox 763 3280 826 3339; x_wconf 87' lang='lat' dir='ltr'>fori.</span> 
     </span>
    </p>

    <p class='ocr_par' dir='ltr' id='par_1_14' title="bbox 229 3370 970 3543">
     <span class='ocr_line' id='line_1_23' title="bbox 229 3370 970 3450; baseline 0.003 -21"><span class='ocrx_word' id='word_1_134' title='bbox 229 3373 271 3430; x_wconf 86' lang='lat' dir='ltr'>At</span> <span class='ocrx_word' id='word_1_135' title='bbox 285 3370 357 3429; x_wconf 89' lang='lat' dir='ltr'>mihi</span> <span class='ocrx_word' id='word_1_136' title='bbox 370 3373 432 3447; x_wconf 88' lang='lat' dir='ltr'>jam</span> <span class='ocrx_word' id='word_1_137' title='bbox 446 3389 539 3447; x_wconf 88' lang='lat' dir='ltr'>puero</span> <span class='ocrx_word' id='word_1_138' title='bbox 554 3372 694 3432; x_wconf 89' lang='lat' dir='ltr'>coelestia</span> <span class='ocrx_word' id='word_1_139' title='bbox 708 3391 791 3432; x_wconf 86' lang='lat' dir='ltr'>sacra</span> <span class='ocrx_word' id='word_1_140' title='bbox 804 3374 970 3450; x_wconf 81' lang='lat' dir='ltr'>placebant,</span> 
     </span>
     <span class='ocr_line' id='line_1_24' title="bbox 270 3464 927 3543; baseline 0.006 -21"><span class='ocrx_word' id='word_1_141' title='bbox 270 3465 366 3540; x_wconf 91' lang='lat' dir='ltr'>Inque</span> <span class='ocrx_word' id='word_1_142' title='bbox 382 3482 466 3523; x_wconf 89' lang='lat' dir='ltr'>suurn</span> <span class='ocrx_word' id='word_1_143' title='bbox 481 3464 579 3524; x_wconf 80' lang='lat' dir='ltr'>furtim</span> <span class='ocrx_word' id='word_1_144' title='bbox 595 3467 684 3524; x_wconf 87' lang='lat' dir='ltr'>Musa</span> <span class='ocrx_word' id='word_1_145' title='bbox 698 3466 832 3525; x_wconf 87' lang='lat' dir='ltr'>trahebat</span> <span class='ocrx_word' id='word_1_146' title='bbox 846 3485 927 3543; x_wconf 89' lang='lat' dir='ltr'>opus.</span> 
     </span>
    </p>

    <p class='ocr_par' dir='ltr' id='par_1_15' title="bbox 227 3556 1023 3729">
     <span class='ocr_line' id='line_1_25' title="bbox 227 3556 1023 3634; baseline 0.008 -19"><span class='ocrx_word' id='word_1_147' title='bbox 227 3558 323 3633; x_wconf 84' lang='lat' dir='ltr'>Saepe</span> <span class='ocrx_word' id='word_1_148' title='bbox 337 3567 421 3633; x_wconf 85' lang='lat' dir='ltr'>pater</span> <span class='ocrx_word' id='word_1_149' title='bbox 435 3556 526 3617; x_wconf 84' lang='lat' dir='ltr'>dixit:</span> <span class='ocrx_word' id='word_1_150' title='bbox 547 3557 681 3617; x_wconf 88' lang='lat' dir='ltr'>Studium</span> <span class='ocrx_word' id='word_1_151' title='bbox 696 3558 769 3634; x_wconf 90' lang='lat' dir='ltr'>quid</span> <span class='ocrx_word' id='word_1_152' title='bbox 782 3558 885 3619; x_wconf 89' lang='lat' dir='ltr'>inutile</span> <span class='ocrx_word' id='word_1_153' title='bbox 899 3562 1023 3621; x_wconf 73' lang='lat' dir='ltr'>tentas?</span> 
     </span>
     <span class='ocr_line' id='line_1_26' title="bbox 270 3642 870 3729; baseline 0.007 -21"><span class='ocrx_word' id='word_1_154' title='bbox 270 3648 448 3717; x_wconf 84' lang='lat' dir='ltr'>Maeonides</span> <span class='ocrx_word' id='word_1_155' title='bbox 462 3651 558 3709; x_wconf 87' lang='lat' dir='ltr'>nullas</span> <span class='ocrx_word' id='word_1_156' title='bbox 572 3650 636 3726; x_wconf 90' lang='lat' dir='ltr'>ipse</span> <span class='ocrx_word' id='word_1_157' title='bbox 650 3649 767 3727; x_wconf 88' lang='lat' dir='ltr'>reliquit</span> <span class='ocrx_word' id='word_1_158' title='bbox 780 3642 870 3729; x_wconf 58' lang='lat' dir='ltr'>opes(</span> 
     </span>
    </p>

    <p class='ocr_par' dir='ltr' id='par_1_16' title="bbox 229 3742 967 3898">
     <span class='ocr_line' id='line_1_27' title="bbox 229 3742 967 3820; baseline 0.008 -20"><span class='ocrx_word' id='word_1_159' title='bbox 229 3743 332 3801; x_wconf 93' lang='lat' dir='ltr'>Motus</span> <span class='ocrx_word' id='word_1_160' title='bbox 347 3761 427 3801; x_wconf 86' lang='lat' dir='ltr'>eram</span> <span class='ocrx_word' id='word_1_161' title='bbox 442 3742 537 3815; x_wconf 89' lang='lat' dir='ltr'>dictis,</span> <span class='ocrx_word' id='word_1_162' title='bbox 553 3754 678 3820; x_wconf 89' lang='lat' dir='ltr'>totoque</span> <span class='ocrx_word' id='word_1_163' title='bbox 693 3744 842 3804; x_wconf 88' lang='lat' dir='ltr'>Helicone</span> <span class='ocrx_word' id='word_1_164' title='bbox 856 3746 967 3819; x_wconf 88' lang='lat' dir='ltr'>relicto,</span> 
     </span>
     <span class='ocr_line' id='line_1_28' title="bbox 271 3835 891 3898; baseline 0.006 -4"><span class='ocrx_word' id='word_1_165' title='bbox 271 3835 404 3895; x_wconf 90' lang='lat' dir='ltr'>Scribere</span> <span class='ocrx_word' id='word_1_166' title='bbox 419 3837 550 3895; x_wconf 87' lang='lat' dir='ltr'>conabar</span> <span class='ocrx_word' id='word_1_167' title='bbox 563 3838 653 3897; x_wconf 90' lang='lat' dir='ltr'>verba</span> <span class='ocrx_word' id='word_1_168' title='bbox 667 3838 764 3898; x_wconf 91' lang='lat' dir='ltr'>soluta</span> <span class='ocrx_word' id='word_1_169' title='bbox 774 3837 891 3898; x_wconf 87' lang='lat' dir='ltr'>modis:</span> 
     </span>
    </p>
   </div>
   <div class='ocr_carea' id='block_1_6' title="bbox 0 0 1518 4700">
    <p class='ocr_par' dir='ltr' id='par_1_17' title="bbox 0 0 1518 4700">
     <span class='ocr_line' id='line_1_29' title="bbox 0 0 1518 4700; baseline 0 0"><span class='ocrx_word' id='word_1_170' title='bbox 0 0 1518 4700; x_wconf 95' lang='lat' dir='ltr'> </span> 
     </span>
    </p>
   </div>
  </div>
 </body>
</html>
