<?xml version="1.0" encoding="UTF-8"?>
<!DOCTYPE html PUBLIC "-//W3C//DTD XHTML 1.0 Transitional//EN"
    "http://www.w3.org/TR/xhtml1/DTD/xhtml1-transitional.dtd">
<html xmlns="http://www.w3.org/1999/xhtml" xml:lang="en" lang="en">
 <head>
  <title>
</title>
<meta http-equiv="Content-Type" content="text/html;charset=utf-8" />
  <meta name='ocr-system' content='tesseract 3.04.00' />
  <meta name='ocr-capabilities' content='ocr_page ocr_carea ocr_par ocr_line ocrx_word'/>
</head>
<body>
  <div class='ocr_page' id='page_1' title='image "./selectionsfromo01virggoog_0082.png"; bbox 0 0 3017 4700; ppageno 0'>
   <div class='ocr_carea' id='block_1_1' title="bbox 322 410 979 487">
    <p class='ocr_par' dir='ltr' id='par_1_1' title="bbox 322 410 979 487">
     <span class='ocr_line' id='line_1_1' title="bbox 322 410 979 487; baseline 0 -17"><span class='ocrx_word' id='word_1_1' title='bbox 322 427 359 487; x_wconf 82' lang='lat'><strong>70</strong></span> <span class='ocrx_word' id='word_1_2' title='bbox 471 429 473 433; x_wconf 70' lang='grc'>’</span> <span class='ocrx_word' id='word_1_3' title='bbox 635 427 661 471; x_wconf 79' lang='lat'><strong>1².</strong></span> <span class='ocrx_word' id='word_1_4' title='bbox 682 410 814 471; x_wconf 80' lang='lat' dir='ltr'><strong>vincinn</strong></span> <span class='ocrx_word' id='word_1_5' title='bbox 836 426 979 470; x_wconf 78' lang='lat' dir='ltr'><strong>unnoms</strong></span> 
     </span>
    </p>
   </div>
   <div class='ocr_carea' id='block_1_2' title="bbox 321 571 1081 650">
    <p class='ocr_par' dir='ltr' id='par_1_2' title="bbox 321 571 1081 650">
     <span class='ocr_line' id='line_1_2' title="bbox 321 571 1081 650; baseline 0.001 -19"><span class='ocrx_word' id='word_1_6' title='bbox 321 571 454 632; x_wconf 88' lang='lat' dir='ltr'><strong>Efficiam</strong></span> <span class='ocrx_word' id='word_1_7' title='bbox 469 573 594 650; x_wconf 89' lang='lat' dir='ltr'><strong>posthac</strong></span> <span class='ocrx_word' id='word_1_8' title='bbox 608 593 646 634; x_wconf 87' lang='lat' dir='ltr'><strong>ne</strong></span> <span class='ocrx_word' id='word_1_9' title='bbox 662 593 842 650; x_wconf 88' lang='lat' dir='ltr'>quemquam</span> <span class='ocrx_word' id='word_1_10' title='bbox 855 592 930 633; x_wconf 87' lang='lat' dir='ltr'><strong>voce</strong></span> <span class='ocrx_word' id='word_1_11' title='bbox 944 574 1081 633; x_wconf 81' lang='lat' dir='ltr'><strong>lacessas.</strong></span> 
     </span>
    </p>
   </div>
   <div class='ocr_carea' id='block_1_3' title="bbox 320 699 1164 1037">
    <p class='ocr_par' dir='ltr' id='par_1_3' title="bbox 320 699 1164 1037">
     <span class='ocr_line' id='line_1_3' title="bbox 727 699 880 736; baseline -0.007 0"><span class='ocrx_word' id='word_1_12' title='bbox 727 699 880 736; x_wconf 76' lang='lat' dir='ltr'><strong>DAMOETAS.</strong></span> 
     </span>
     <span class='ocr_line' id='line_1_4' title="bbox 320 770 1152 850; baseline 0.001 -20"><span class='ocrx_word' id='word_1_13' title='bbox 320 771 401 846; x_wconf 88' lang='lat' dir='ltr'><strong>Quin</strong></span> <span class='ocrx_word' id='word_1_14' title='bbox 415 790 478 850; x_wconf 85' lang='lat' dir='ltr'><strong>age,</strong></span> <span class='ocrx_word' id='word_1_15' title='bbox 495 770 518 830; x_wconf 91' lang='lat' dir='ltr'><strong>si</strong></span> <span class='ocrx_word' id='word_1_16' title='bbox 534 771 605 848; x_wconf 91' lang='lat' dir='ltr'><strong>quid</strong></span> <span class='ocrx_word' id='word_1_17' title='bbox 619 773 719 846; x_wconf 90' lang='lat' dir='ltr'><strong>habes,</strong></span> <span class='ocrx_word' id='word_1_18' title='bbox 735 771 766 830; x_wconf 90' lang='lat' dir='ltr'><strong>in</strong></span> <span class='ocrx_word' id='word_1_19' title='bbox 781 792 829 831; x_wconf 90' lang='lat' dir='ltr'><strong>me</strong></span> <span class='ocrx_word' id='word_1_20' title='bbox 843 791 926 832; x_wconf 90' lang='lat' dir='ltr'><strong>mora</strong></span> <span class='ocrx_word' id='word_1_21' title='bbox 939 792 1001 832; x_wconf 94' lang='lat' dir='ltr'><strong>non</strong></span> <span class='ocrx_word' id='word_1_22' title='bbox 1016 771 1070 833; x_wconf 89' lang='lat' dir='ltr'><strong>erit</strong></span> <span class='ocrx_word' id='word_1_23' title='bbox 1083 772 1152 846; x_wconf 89' lang='lat' dir='ltr'><strong>ulla,</strong></span> 
     </span>
     <span class='ocr_line' id='line_1_5' title="bbox 320 865 1138 942; baseline 0.005 -20"><span class='ocrx_word' id='word_1_24' title='bbox 320 866 386 923; x_wconf 91' lang='lat' dir='ltr'><strong>Nec</strong></span> <span class='ocrx_word' id='word_1_25' title='bbox 400 883 579 941; x_wconf 86' lang='lat' dir='ltr'><strong>quemquam</strong></span> <span class='ocrx_word' id='word_1_26' title='bbox 594 865 693 942; x_wconf 86' lang='lat' dir='ltr'><strong>sugio:</strong></span> <span class='ocrx_word' id='word_1_27' title='bbox 716 875 840 938; x_wconf 89' lang='lat' dir='ltr'><strong>tantum,</strong></span> <span class='ocrx_word' id='word_1_28' title='bbox 855 865 951 925; x_wconf 87' lang='lat' dir='ltr'>vicine</span> <span class='ocrx_word' id='word_1_29' title='bbox 967 868 1138 941; x_wconf 86' lang='lat' dir='ltr'><strong>Palaemon,</strong></span> 
     </span>
     <span class='ocr_line' id='line_1_6' title="bbox 320 956 1164 1037; baseline -0.001 -19"><span class='ocrx_word' id='word_1_30' title='bbox 320 956 459 1018; x_wconf 91' lang='lat' dir='ltr'><strong>Sensibus</strong></span> <span class='ocrx_word' id='word_1_31' title='bbox 473 957 547 1016; x_wconf 89' lang='lat' dir='ltr'><strong>haec</strong></span> <span class='ocrx_word' id='word_1_32' title='bbox 561 957 731 1016; x_wconf 88' lang='lat' dir='ltr'><strong>imis—res</strong></span> <span class='ocrx_word' id='word_1_33' title='bbox 746 969 791 1017; x_wconf 87' lang='lat' dir='ltr'><strong>est</strong></span> <span class='ocrx_word' id='word_1_34' title='bbox 805 977 866 1018; x_wconf 94' lang='lat' dir='ltr'><strong>non</strong></span> <span class='ocrx_word' id='word_1_35' title='bbox 881 977 1164 1037; x_wconf 86' lang='lat' dir='ltr'><strong>parva—reponas.</strong></span> 
     </span>
    </p>
   </div>
   <div class='ocr_carea' id='block_1_4' title="bbox 320 1080 1146 1600">
    <p class='ocr_par' dir='ltr' id='par_1_4' title="bbox 320 1080 1146 1600">
     <span class='ocr_line' id='line_1_7' title="bbox 728 1080 885 1118; baseline 0.013 -2"><span class='ocrx_word' id='word_1_36' title='bbox 728 1080 885 1118; x_wconf 74' lang='lat' dir='ltr'><strong>nnananou.</strong></span> 
     </span>
     <span class='ocr_line' id='line_1_8' title="bbox 321 1151 1146 1236; baseline 0.002 -25"><span class='ocrx_word' id='word_1_37' title='bbox 321 1151 426 1226; x_wconf 86' lang='lat' dir='ltr'><strong>Dicite,</strong></span> <span class='ocrx_word' id='word_1_38' title='bbox 443 1153 685 1236; x_wconf 89' lang='lat' dir='ltr'><strong>quandoquidem</strong></span> <span class='ocrx_word' id='word_1_39' title='bbox 700 1153 731 1230; x_wconf 90' lang='lat' dir='ltr'><strong>in</strong></span> <span class='ocrx_word' id='word_1_40' title='bbox 745 1153 828 1212; x_wconf 90' lang='lat' dir='ltr'><strong>molli</strong></span> <span class='ocrx_word' id='word_1_41' title='bbox 843 1154 1032 1215; x_wconf 88' lang='lat' dir='ltr'><strong>consedimus</strong></span> <span class='ocrx_word' id='word_1_42' title='bbox 1046 1155 1146 1214; x_wconf 89' lang='lat' dir='ltr'><strong>herba.</strong></span> 
     </span>
     <span class='ocr_line' id='line_1_9' title="bbox 321 1244 1118 1324; baseline 0.005 -21"><span class='ocrx_word' id='word_1_43' title='bbox 321 1247 358 1304; x_wconf 91' lang='lat' dir='ltr'><strong>Et</strong></span> <span class='ocrx_word' id='word_1_44' title='bbox 373 1264 452 1304; x_wconf 92' lang='lat' dir='ltr'><strong>nunc</strong></span> <span class='ocrx_word' id='word_1_45' title='bbox 466 1244 562 1305; x_wconf 90' lang='lat' dir='ltr'><strong>omnis</strong></span> <span class='ocrx_word' id='word_1_46' title='bbox 577 1265 653 1323; x_wconf 87' lang='lat' dir='ltr'><strong>ager,</strong></span> <span class='ocrx_word' id='word_1_47' title='bbox 670 1266 749 1306; x_wconf 94' lang='lat' dir='ltr'><strong>nunc</strong></span> <span class='ocrx_word' id='word_1_48' title='bbox 764 1246 860 1307; x_wconf 92' lang='lat' dir='ltr'><strong>omnis</strong></span> <span class='ocrx_word' id='word_1_49' title='bbox 874 1248 997 1324; x_wconf 90' lang='lat' dir='ltr'><strong>parturit</strong></span> <span class='ocrx_word' id='word_1_50' title='bbox 1011 1249 1118 1322; x_wconf 73' lang='lat' dir='ltr'><strong>arbos,</strong></span> 
     </span>
     <span class='ocr_line' id='line_1_10' title="bbox 321 1339 1145 1414; baseline 0.001 -17"><span class='ocrx_word' id='word_1_51' title='bbox 321 1340 409 1397; x_wconf 92' lang='lat' dir='ltr'><strong>Nunc</strong></span> <span class='ocrx_word' id='word_1_52' title='bbox 423 1339 562 1398; x_wconf 87' lang='lat' dir='ltr'><strong>frondent</strong></span> <span class='ocrx_word' id='word_1_53' title='bbox 577 1340 666 1399; x_wconf 89' lang='lat' dir='ltr'><strong>silvae</strong></span> <span class='ocrx_word' id='word_1_54' title='bbox 678 1362 686 1414; x_wconf 89' lang='lat'>;</span> <span class='ocrx_word' id='word_1_55' title='bbox 707 1360 787 1400; x_wconf 91' lang='lat' dir='ltr'><strong>nunc</strong></span> <span class='ocrx_word' id='word_1_56' title='bbox 801 1341 1029 1400; x_wconf 86' lang='lat' dir='ltr'><strong>formosissimus</strong></span> <span class='ocrx_word' id='word_1_57' title='bbox 1043 1359 1145 1399; x_wconf 91' lang='lat' dir='ltr'><strong>annus.</strong></span> 
     </span>
     <span class='ocr_line' id='line_1_11' title="bbox 321 1431 1103 1513; baseline 0.004 -23"><span class='ocrx_word' id='word_1_58' title='bbox 321 1431 433 1508; x_wconf 91' lang='lat' dir='ltr'><strong>Incipe,</strong></span> <span class='ocrx_word' id='word_1_59' title='bbox 450 1434 617 1507; x_wconf 83' lang='lat' dir='ltr'><strong>Damoeta3</strong></span> <span class='ocrx_word' id='word_1_60' title='bbox 638 1445 669 1493; x_wconf 93' lang='lat' dir='ltr'><strong>tu</strong></span> <span class='ocrx_word' id='word_1_61' title='bbox 684 1433 793 1493; x_wconf 90' lang='lat' dir='ltr'><strong>deinde</strong></span> <span class='ocrx_word' id='word_1_62' title='bbox 808 1453 939 1513; x_wconf 90' lang='lat' dir='ltr'><strong>sequere,</strong></span> <span class='ocrx_word' id='word_1_63' title='bbox 956 1434 1103 1493; x_wconf 85' lang='lat' dir='ltr'><strong>Menalca</strong></span> 
     </span>
     <span class='ocr_line' id='line_1_12' title="bbox 320 1523 1012 1600; baseline 0.004 -18"><span class='ocrx_word' id='word_1_64' title='bbox 320 1523 449 1582; x_wconf 88' lang='lat' dir='ltr'><strong>Alternis</strong></span> <span class='ocrx_word' id='word_1_65' title='bbox 465 1523 588 1600; x_wconf 70' lang='lat' dir='ltr'><strong>dicetis,</strong></span> <span class='ocrx_word' id='word_1_66' title='bbox 608 1537 709 1586; x_wconf 91' lang='lat' dir='ltr'><strong>amant</strong></span> <span class='ocrx_word' id='word_1_67' title='bbox 724 1527 836 1586; x_wconf 89' lang='lat' dir='ltr'><strong>alterna</strong></span> <span class='ocrx_word' id='word_1_68' title='bbox 853 1528 1012 1587; x_wconf 90' lang='lat' dir='ltr'><strong>Camenae.</strong></span> 
     </span>
    </p>
   </div>
   <div class='ocr_carea' id='block_1_5' title="bbox 322 1646 1142 1976">
    <p class='ocr_par' dir='ltr' id='par_1_5' title="bbox 322 1646 1142 1976">
     <span class='ocr_line' id='line_1_13' title="bbox 727 1646 880 1686; baseline 0 0"><span class='ocrx_word' id='word_1_69' title='bbox 727 1646 880 1686; x_wconf 77' lang='lat' dir='ltr'><strong>DAMOETAS.</strong></span> 
     </span>
     <span class='ocr_line' id='line_1_14' title="bbox 322 1720 1142 1799; baseline 0.001 -19"><span class='ocrx_word' id='word_1_70' title='bbox 322 1722 371 1780; x_wconf 93' lang='lat' dir='ltr'><strong>Ab</strong></span> <span class='ocrx_word' id='word_1_71' title='bbox 385 1722 461 1796; x_wconf 89' lang='lat' dir='ltr'><strong>Jove</strong></span> <span class='ocrx_word' id='word_1_72' title='bbox 475 1720 661 1798; x_wconf 90' lang='lat' dir='ltr'><strong>principium,</strong></span> <span class='ocrx_word' id='word_1_73' title='bbox 678 1723 803 1796; x_wconf 89' lang='lat' dir='ltr'><strong>Musae;</strong></span> <span class='ocrx_word' id='word_1_74' title='bbox 823 1722 907 1798; x_wconf 87' lang='lat' dir='ltr'><strong>Jovis</strong></span> <span class='ocrx_word' id='word_1_75' title='bbox 922 1721 1022 1782; x_wconf 92' lang='lat' dir='ltr'><strong>omnia</strong></span> <span class='ocrx_word' id='word_1_76' title='bbox 1035 1723 1124 1799; x_wconf 92' lang='lat' dir='ltr'><strong>plena</strong></span> <span class='ocrx_word' id='word_1_77' title='bbox 1132 1743 1142 1796; x_wconf 78' lang='lat'><em>3</em></span> 
     </span>
     <span class='ocr_line' id='line_1_15' title="bbox 322 1813 984 1889; baseline 0.002 -16"><span class='ocrx_word' id='word_1_78' title='bbox 322 1815 378 1874; x_wconf 92' lang='lat' dir='ltr'><strong>Ille</strong></span> <span class='ocrx_word' id='word_1_79' title='bbox 393 1813 464 1873; x_wconf 92' lang='lat' dir='ltr'><strong>colit</strong></span> <span class='ocrx_word' id='word_1_80' title='bbox 479 1824 588 1889; x_wconf 78' lang='lat' dir='ltr'><strong>terras3</strong></span> <span class='ocrx_word' id='word_1_81' title='bbox 609 1814 651 1873; x_wconf 94' lang='lat' dir='ltr'><strong>illi</strong></span> <span class='ocrx_word' id='word_1_82' title='bbox 665 1834 732 1876; x_wconf 91' lang='lat' dir='ltr'><strong>mea</strong></span> <span class='ocrx_word' id='word_1_83' title='bbox 746 1815 877 1875; x_wconf 91' lang='lat' dir='ltr'><strong>carmina</strong></span> <span class='ocrx_word' id='word_1_84' title='bbox 891 1834 984 1874; x_wconf 90' lang='lat' dir='ltr'><strong>curae.</strong></span> 
     </span>
     <span class='ocr_line' id='line_1_16' title="bbox 732 1939 885 1976; baseline 0 0"><span class='ocrx_word' id='word_1_85' title='bbox 732 1939 885 1976; x_wconf 79' lang='lat' dir='ltr'><strong>MENALCAS.</strong></span> 
     </span>
    </p>
   </div>
   <div class='ocr_carea' id='block_1_6' title="bbox 323 2008 1192 2179">
    <p class='ocr_par' dir='ltr' id='par_1_6' title="bbox 323 2008 1192 2179">
     <span class='ocr_line' id='line_1_17' title="bbox 323 2008 1192 2086; baseline 0.001 -19"><span class='ocrx_word' id='word_1_86' title='bbox 323 2011 361 2067; x_wconf 91' lang='lat' dir='ltr'><strong>Et</strong></span> <span class='ocrx_word' id='word_1_87' title='bbox 375 2028 423 2068; x_wconf 90' lang='lat' dir='ltr'><strong>me</strong></span> <span class='ocrx_word' id='word_1_88' title='bbox 439 2010 578 2070; x_wconf 93' lang='lat' dir='ltr'><strong>Phoebus</strong></span> <span class='ocrx_word' id='word_1_89' title='bbox 593 2020 692 2086; x_wconf 74' lang='lat' dir='ltr'><strong>amat,</strong></span> <span class='ocrx_word' id='word_1_90' title='bbox 713 2011 837 2070; x_wconf 88' lang='lat' dir='ltr'><strong>Phoebo</strong></span> <span class='ocrx_word' id='word_1_91' title='bbox 852 2029 906 2070; x_wconf 89' lang='lat' dir='ltr'><strong>sua</strong></span> <span class='ocrx_word' id='word_1_92' title='bbox 920 2027 1036 2084; x_wconf 83' lang='lat' dir='ltr'><strong>semper</strong></span> <span class='ocrx_word' id='word_1_93' title='bbox 1049 2008 1129 2084; x_wconf 91' lang='lat' dir='ltr'><strong>apud</strong></span> <span class='ocrx_word' id='word_1_94' title='bbox 1144 2027 1192 2068; x_wconf 92' lang='lat' dir='ltr'><strong>me</strong></span> 
     </span>
     <span class='ocr_line' id='line_1_18' title="bbox 323 2101 1096 2179; baseline -0.001 -18"><span class='ocrx_word' id='word_1_95' title='bbox 323 2104 450 2162; x_wconf 88' lang='lat' dir='ltr'><strong>Munera</strong></span> <span class='ocrx_word' id='word_1_96' title='bbox 463 2114 539 2176; x_wconf 91' lang='lat' dir='ltr'><strong>sunt,</strong></span> <span class='ocrx_word' id='word_1_97' title='bbox 555 2102 627 2162; x_wconf 88' lang='lat' dir='ltr'><strong>lauri</strong></span> <span class='ocrx_word' id='word_1_98' title='bbox 642 2114 671 2162; x_wconf 93' lang='lat' dir='ltr'><strong>et</strong></span> <span class='ocrx_word' id='word_1_99' title='bbox 686 2123 775 2164; x_wconf 88' lang='lat' dir='ltr'><strong>suave</strong></span> <span class='ocrx_word' id='word_1_100' title='bbox 789 2103 899 2177; x_wconf 88' lang='lat' dir='ltr'><strong>rubens</strong></span> <span class='ocrx_word' id='word_1_101' title='bbox 913 2101 1096 2179; x_wconf 87' lang='lat' dir='ltr'><strong>hyacinthus.</strong></span> 
     </span>
    </p>
   </div>
   <div class='ocr_carea' id='block_1_7' title="bbox 323 2225 1094 2752">
    <p class='ocr_par' dir='ltr' id='par_1_7' title="bbox 323 2225 1094 2752">
     <span class='ocr_line' id='line_1_19' title="bbox 732 2225 887 2263; baseline 0 -1"><span class='ocrx_word' id='word_1_102' title='bbox 732 2225 887 2263; x_wconf 80' lang='lat' dir='ltr'><strong>DAMOETAS.</strong></span> 
     </span>
     <span class='ocr_line' id='line_1_20' title="bbox 323 2297 958 2376; baseline 0.002 -20"><span class='ocrx_word' id='word_1_103' title='bbox 323 2298 408 2357; x_wconf 91' lang='lat' dir='ltr'><strong>Malo</strong></span> <span class='ocrx_word' id='word_1_104' title='bbox 423 2317 471 2357; x_wconf 87' lang='lat' dir='ltr'><strong>me</strong></span> <span class='ocrx_word' id='word_1_105' title='bbox 487 2299 612 2359; x_wconf 85' lang='lat' dir='ltr'><strong>Galatea</strong></span> <span class='ocrx_word' id='word_1_106' title='bbox 629 2297 710 2376; x_wconf 87' lang='lat' dir='ltr'><strong>petit,</strong></span> <span class='ocrx_word' id='word_1_107' title='bbox 726 2298 837 2358; x_wconf 89' lang='lat' dir='ltr'><strong>lasciva</strong></span> <span class='ocrx_word' id='word_1_108' title='bbox 851 2297 958 2375; x_wconf 89' lang='lat' dir='ltr'><strong>puella,</strong></span> 
     </span>
     <span class='ocr_line' id='line_1_21' title="bbox 323 2389 1017 2468; baseline -0.001 -18"><span class='ocrx_word' id='word_1_109' title='bbox 323 2393 361 2450; x_wconf 92' lang='lat' dir='ltr'><strong>Et</strong></span> <span class='ocrx_word' id='word_1_110' title='bbox 375 2391 501 2468; x_wconf 84' lang='lat' dir='ltr'><strong>fugit-ad</strong></span> <span class='ocrx_word' id='word_1_111' title='bbox 515 2392 628 2464; x_wconf 88' lang='lat' dir='ltr'><strong>salices,</strong></span> <span class='ocrx_word' id='word_1_112' title='bbox 644 2403 674 2451; x_wconf 93' lang='lat' dir='ltr'><strong>et</strong></span> <span class='ocrx_word' id='word_1_113' title='bbox 688 2410 719 2451; x_wconf 92' lang='lat' dir='ltr'><strong>se</strong></span> <span class='ocrx_word' id='word_1_114' title='bbox 734 2391 816 2467; x_wconf 93' lang='lat' dir='ltr'><strong>cupit</strong></span> <span class='ocrx_word' id='word_1_115' title='bbox 834 2402 902 2450; x_wconf 88' lang='lat' dir='ltr'><strong>ante</strong></span> <span class='ocrx_word' id='word_1_116' title='bbox 916 2389 1017 2450; x_wconf 85' lang='lat' dir='ltr'><strong>videri.</strong></span> 
     </span>
     <span class='ocr_line' id='line_1_22' title="bbox 730 2512 884 2549; baseline 0 0"><span class='ocrx_word' id='word_1_117' title='bbox 730 2512 884 2549; x_wconf 72' lang='lat' dir='ltr'><strong>nausicaa</strong></span> 
     </span>
     <span class='ocr_line' id='line_1_23' title="bbox 323 2582 1094 2659; baseline 0 -16"><span class='ocrx_word' id='word_1_118' title='bbox 323 2586 366 2643; x_wconf 91' lang='lat' dir='ltr'><strong>At&#39;</strong></span> <span class='ocrx_word' id='word_1_119' title='bbox 378 2583 450 2641; x_wconf 90' lang='lat' dir='ltr'><strong>mihi</strong></span> <span class='ocrx_word' id='word_1_120' title='bbox 466 2602 529 2643; x_wconf 92' lang='lat' dir='ltr'><strong>sese</strong></span> <span class='ocrx_word' id='word_1_121' title='bbox 544 2585 629 2642; x_wconf 86' lang='lat' dir='ltr'><strong>offert</strong></span> <span class='ocrx_word' id='word_1_122' title='bbox 643 2584 729 2655; x_wconf 89' lang='lat' dir='ltr'><strong>ultro,</strong></span> <span class='ocrx_word' id='word_1_123' title='bbox 745 2602 829 2643; x_wconf 89' lang='lat' dir='ltr'><strong>meus</strong></span> <span class='ocrx_word' id='word_1_124' title='bbox 844 2582 928 2659; x_wconf 85' lang='lat' dir='ltr'><strong>ignis,</strong></span> <span class='ocrx_word' id='word_1_125' title='bbox 940 2585 1094 2659; x_wconf 70' lang='lat' dir='ltr'><strong>Amyntan,</strong></span> 
     </span>
     <span class='ocr_line' id='line_1_24' title="bbox 323 2674 1048 2752; baseline -0.003 -16"><span class='ocrx_word' id='word_1_126' title='bbox 323 2676 431 2736; x_wconf 89' lang='lat' dir='ltr'><strong>Notior</strong></span> <span class='ocrx_word' id='word_1_127' title='bbox 444 2687 477 2735; x_wconf 90' lang='lat' dir='ltr'><strong>ut</strong></span> <span class='ocrx_word' id='word_1_128' title='bbox 488 2678 550 2752; x_wconf 88' lang='lat' dir='ltr'><strong>jam</strong></span> <span class='ocrx_word' id='word_1_129' title='bbox 565 2676 602 2737; x_wconf 91' lang='lat' dir='ltr'><strong>sit</strong></span> <span class='ocrx_word' id='word_1_130' title='bbox 617 2675 740 2735; x_wconf 90' lang='lat' dir='ltr'><strong>canibus</strong></span> <span class='ocrx_word' id='word_1_131' title='bbox 754 2694 816 2734; x_wconf 92' lang='lat' dir='ltr'><strong>non</strong></span> <span class='ocrx_word' id='word_1_132' title='bbox 832 2674 920 2735; x_wconf 90' lang='lat' dir='ltr'><strong>Delia</strong></span> <span class='ocrx_word' id='word_1_133' title='bbox 933 2675 1048 2736; x_wconf 90' lang='lat' dir='ltr'><strong>nostris.</strong></span> 
     </span>
    </p>
   </div>
   <div class='ocr_carea' id='block_1_8' title="bbox 731 2797 885 2835">
    <p class='ocr_par' dir='ltr' id='par_1_8' title="bbox 731 2797 885 2835">
     <span class='ocr_line' id='line_1_25' title="bbox 731 2797 885 2835; baseline 0.013 -2"><span class='ocrx_word' id='word_1_134' title='bbox 731 2797 885 2835; x_wconf 76' lang='lat' dir='ltr'><strong>DAMOETAS.</strong></span> 
     </span>
    </p>
   </div>
   <div class='ocr_carea' id='block_1_9' title="bbox 323 2868 1135 3039">
    <p class='ocr_par' dir='ltr' id='par_1_9' title="bbox 323 2868 1135 3039">
     <span class='ocr_line' id='line_1_26' title="bbox 323 2868 1135 2945; baseline 0.001 -18"><span class='ocrx_word' id='word_1_135' title='bbox 323 2872 411 2929; x_wconf 88' lang='lat' dir='ltr'><strong>Parta</strong></span> <span class='ocrx_word' id='word_1_136' title='bbox 424 2888 508 2929; x_wconf 88' lang='lat' dir='ltr'><strong>meae</strong></span> <span class='ocrx_word' id='word_1_137' title='bbox 522 2868 633 2928; x_wconf 87' lang='lat' dir='ltr'><strong>Veneri</strong></span> <span class='ocrx_word' id='word_1_138' title='bbox 647 2878 715 2929; x_wconf 91' lang='lat' dir='ltr'><strong>sunt</strong></span> <span class='ocrx_word' id='word_1_139' title='bbox 729 2888 868 2929; x_wconf 91' lang='lat' dir='ltr'><strong>munera:</strong></span> <span class='ocrx_word' id='word_1_140' title='bbox 890 2887 1019 2945; x_wconf 91' lang='lat' dir='ltr'><strong>namque</strong></span> <span class='ocrx_word' id='word_1_141' title='bbox 1033 2868 1135 2930; x_wconf 86' lang='lat' dir='ltr'><strong>notavi</strong></span> 
     </span>
     <span class='ocr_line' id='line_1_27' title="bbox 323 2960 1068 3039; baseline 0 -18"><span class='ocrx_word' id='word_1_142' title='bbox 323 2964 392 3039; x_wconf 93' lang='lat' dir='ltr'><strong>Ipse</strong></span> <span class='ocrx_word' id='word_1_143' title='bbox 407 2963 515 3036; x_wconf 92' lang='lat' dir='ltr'><strong>locum,</strong></span> <span class='ocrx_word' id='word_1_144' title='bbox 531 2960 626 3021; x_wconf 69' lang='lat' dir='ltr'><strong>aeriae</strong></span> <span class='ocrx_word' id='word_1_145' title='bbox 641 2981 702 3037; x_wconf 92' lang='lat' dir='ltr'><strong>quo</strong></span> <span class='ocrx_word' id='word_1_146' title='bbox 715 2980 892 3038; x_wconf 82' lang='lat' dir='ltr'><strong>congessere</strong></span> <span class='ocrx_word' id='word_1_147' title='bbox 906 2962 1068 3037; x_wconf 89' lang='lat' dir='ltr'><strong>palumbes.</strong></span> 
     </span>
    </p>
   </div>
   <div class='ocr_carea' id='block_1_10' title="bbox 321 3086 1299 3905">
    <p class='ocr_par' dir='ltr' id='par_1_10' title="bbox 321 3086 1299 3905">
     <span class='ocr_line' id='line_1_28' title="bbox 732 3086 883 3123; baseline 0 0"><span class='ocrx_word' id='word_1_148' title='bbox 732 3086 883 3123; x_wconf 74' lang='lat' dir='ltr'><strong>manninas.</strong></span> 
     </span>
     <span class='ocr_line' id='line_1_29' title="bbox 322 3159 1027 3237; baseline 0 -18"><span class='ocrx_word' id='word_1_149' title='bbox 322 3160 413 3235; x_wconf 91' lang='lat' dir='ltr'><strong>Quod</strong></span> <span class='ocrx_word' id='word_1_150' title='bbox 427 3159 519 3237; x_wconf 91' lang='lat' dir='ltr'><strong>potui,</strong></span> <span class='ocrx_word' id='word_1_151' title='bbox 535 3178 627 3237; x_wconf 89' lang='lat' dir='ltr'><strong>puero</strong></span> <span class='ocrx_word' id='word_1_152' title='bbox 641 3159 765 3219; x_wconf 85' lang='lat' dir='ltr'><strong>silvestri</strong></span> <span class='ocrx_word' id='word_1_153' title='bbox 780 3179 817 3219; x_wconf 87' lang='lat' dir='ltr'><strong>ex</strong></span> <span class='ocrx_word' id='word_1_154' title='bbox 831 3161 935 3220; x_wconf 89' lang='lat' dir='ltr'><strong>arbore</strong></span> <span class='ocrx_word' id='word_1_155' title='bbox 949 3161 1027 3219; x_wconf 86' lang='lat' dir='ltr'><strong>lecta</strong></span> 
     </span>
     <span class='ocr_line' id='line_1_30' title="bbox 321 3252 1133 3327; baseline -0.002 -15"><span class='ocrx_word' id='word_1_156' title='bbox 321 3256 420 3313; x_wconf 89' lang='lat' dir='ltr'><strong>Aurea</strong></span> <span class='ocrx_word' id='word_1_157' title='bbox 434 3254 512 3311; x_wconf 88' lang='lat' dir='ltr'><strong>mala</strong></span> <span class='ocrx_word' id='word_1_158' title='bbox 526 3253 629 3313; x_wconf 89' lang='lat' dir='ltr'><strong>decem</strong></span> <span class='ocrx_word' id='word_1_159' title='bbox 644 3252 731 3327; x_wconf 73' lang='lat' dir='ltr'><strong>misi,</strong></span> <span class='ocrx_word' id='word_1_160' title='bbox 751 3272 820 3319; x_wconf 40' lang='lat' dir='ltr'><strong>cras.</strong></span> <span class='ocrx_word' id='word_1_161' title='bbox 830 3253 922 3313; x_wconf 87' lang='lat' dir='ltr'><strong>altera</strong></span> <span class='ocrx_word' id='word_1_162' title='bbox 935 3252 1059 3311; x_wconf 91' lang='lat' dir='ltr'><strong>mittam.</strong></span> <span class='ocrx_word' id='word_1_163' title='bbox 1125 3284 1133 3295; x_wconf 86' lang='lat'><strong>·</strong></span> 
     </span>
     <span class='ocr_line' id='line_1_31' title="bbox 730 3374 885 3411; baseline 0 0"><span class='ocrx_word' id='word_1_164' title='bbox 730 3374 885 3411; x_wconf 71' lang='lat' dir='ltr'><strong>nanoarns</strong></span> 
     </span>
     <span class='ocr_line' id='line_1_32' title="bbox 322 3444 1047 3523; baseline -0.008 -14"><span class='ocrx_word' id='word_1_165' title='bbox 322 3448 350 3509; x_wconf 94' lang='lat' dir='ltr'>O</span> <span class='ocrx_word' id='word_1_166' title='bbox 366 3446 481 3523; x_wconf 91' lang='lat' dir='ltr'><strong>quoties</strong></span> <span class='ocrx_word' id='word_1_167' title='bbox 496 3455 526 3505; x_wconf 90' lang='lat' dir='ltr'><strong>et</strong></span> <span class='ocrx_word' id='word_1_168' title='bbox 540 3464 616 3522; x_wconf 87' lang='lat' dir='ltr'><strong>quae</strong></span> <span class='ocrx_word' id='word_1_169' title='bbox 630 3444 717 3506; x_wconf 91' lang='lat' dir='ltr'><strong>nobis</strong></span> <span class='ocrx_word' id='word_1_170' title='bbox 732 3446 858 3506; x_wconf 89' lang='lat' dir='ltr'><strong>Galatea</strong></span> <span class='ocrx_word' id='word_1_171' title='bbox 870 3446 971 3505; x_wconf 89' lang='lat' dir='ltr'><strong>locuta</strong></span> <span class='ocrx_word' id='word_1_172' title='bbox 984 3448 1047 3504; x_wconf 89' lang='lat' dir='ltr'><strong>estl</strong></span> 
     </span>
     <span class='ocr_line' id='line_1_33' title="bbox 323 3536 1129 3614; baseline -0.002 -16"><span class='ocrx_word' id='word_1_173' title='bbox 323 3542 440 3599; x_wconf 88' lang='lat' dir='ltr'><strong>Partem</strong></span> <span class='ocrx_word' id='word_1_174' title='bbox 455 3536 592 3614; x_wconf 84' lang='lat' dir='ltr'><strong>aliquam,</strong></span> <span class='ocrx_word' id='word_1_175' title='bbox 607 3537 697 3611; x_wconf 89' lang='lat' dir='ltr'><strong>venti,</strong></span> <span class='ocrx_word' id='word_1_176' title='bbox 713 3537 815 3598; x_wconf 90' lang='lat' dir='ltr'><strong>divum</strong></span> <span class='ocrx_word' id='word_1_177' title='bbox 828 3537 959 3598; x_wconf 88' lang='lat' dir='ltr'><strong>referatis</strong></span> <span class='ocrx_word' id='word_1_178' title='bbox 972 3537 1011 3597; x_wconf 81' lang='lat' dir='ltr'><strong>ad</strong></span> <span class='ocrx_word' id='word_1_179' title='bbox 1025 3540 1129 3597; x_wconf 87' lang='lat' dir='ltr'><strong>auresl</strong></span> 
     </span>
     <span class='ocr_line' id='line_1_34' title="bbox 731 3660 884 3698; baseline 0.007 -1"><span class='ocrx_word' id='word_1_180' title='bbox 731 3660 884 3698; x_wconf 72' lang='lat' dir='ltr'><strong>manmena</strong></span> 
     </span>
     <span class='ocr_line' id='line_1_35' title="bbox 322 3732 1269 3812; baseline 0 -19"><span class='ocrx_word' id='word_1_181' title='bbox 322 3734 404 3809; x_wconf 89' lang='lat' dir='ltr'><strong>Quid</strong></span> <span class='ocrx_word' id='word_1_182' title='bbox 418 3734 548 3812; x_wconf 88' lang='lat' dir='ltr'><strong>prodest,</strong></span> <span class='ocrx_word' id='word_1_183' title='bbox 564 3734 646 3811; x_wconf 91' lang='lat' dir='ltr'><strong>quod</strong></span> <span class='ocrx_word' id='word_1_184' title='bbox 660 3752 708 3793; x_wconf 89' lang='lat' dir='ltr'><strong>me</strong></span> <span class='ocrx_word' id='word_1_185' title='bbox 722 3733 787 3809; x_wconf 89' lang='lat' dir='ltr'><strong>ipse</strong></span> <span class='ocrx_word' id='word_1_186' title='bbox 801 3733 902 3793; x_wconf 91' lang='lat' dir='ltr'><strong>animo</strong></span> <span class='ocrx_word' id='word_1_187' title='bbox 915 3752 977 3791; x_wconf 94' lang='lat' dir='ltr'><strong>non</strong></span> <span class='ocrx_word' id='word_1_188' title='bbox 992 3732 1113 3810; x_wconf 90' lang='lat' dir='ltr'><strong>spernis,</strong></span> <span class='ocrx_word' id='word_1_189' title='bbox 1130 3736 1269 3811; x_wconf 82' lang='lat' dir='ltr'><strong>Amynta,</strong></span> 
     </span>
     <span class='ocr_line' id='line_1_36' title="bbox 322 3825 1299 3905; baseline -0.003 -17"><span class='ocrx_word' id='word_1_190' title='bbox 322 3827 361 3901; x_wconf 91' lang='lat' dir='ltr'><strong>Si,</strong></span> <span class='ocrx_word' id='word_1_191' title='bbox 378 3829 448 3888; x_wconf 91' lang='lat' dir='ltr'><strong>dum</strong></span> <span class='ocrx_word' id='word_1_192' title='bbox 464 3836 496 3887; x_wconf 90' lang='lat' dir='ltr'><strong>tu</strong></span> <span class='ocrx_word' id='word_1_193' title='bbox 511 3825 629 3887; x_wconf 89' lang='lat' dir='ltr'><strong>sectaris</strong></span> <span class='ocrx_word' id='word_1_194' title='bbox 645 3845 740 3905; x_wconf 87' lang='lat' dir='ltr'><strong>apros,</strong></span> <span class='ocrx_word' id='word_1_195' title='bbox 757 3846 814 3904; x_wconf 84' lang='lat' dir='ltr'><strong>ego</strong></span> <span class='ocrx_word' id='word_1_196' title='bbox 829 3826 902 3887; x_wconf 89' lang='lat' dir='ltr'><strong>retia</strong></span> <span class='ocrx_word' id='word_1_197' title='bbox 915 3828 1019 3886; x_wconf 85' lang='lat' dir='ltr'><strong>servo?</strong></span> <span class='ocrx_word' id='word_1_198' title='bbox 1275 3854 1299 3891; x_wconf 83' lang='lat'><strong>⁷⁵</strong></span> 
     </span>
    </p>
   </div>
   <div class='ocr_carea' id='block_1_11' title="bbox 0 0 1514 4700">
    <p class='ocr_par' dir='ltr' id='par_1_11' title="bbox 0 0 1514 4700">
     <span class='ocr_line' id='line_1_37' title="bbox 0 0 1514 4700; baseline 0 0"><span class='ocrx_word' id='word_1_199' title='bbox 0 0 1514 4700; x_wconf 95' lang='lat' dir='ltr'><strong> </strong></span> 
     </span>
    </p>
   </div>
  </div>
 </body>
</html>
