3017 4700
529 419 688 465 BUCOLICA.
732 418 798 462 ECL.
822 420 860 462 lV.

208 569 266 628 Ille
280 567 369 627 deum
383 555 474 627 uitam
488 565 614 644 accipiet
628 565 764 641 divisque
778 564 892 624 videbit

209 663 374 722 Permixtos
388 662 493 720 heroas
508 669 538 719 et
552 660 616 737 ipse
630 658 777 718 videbitur
790 659 857 731 illis,

209 759 409 830 Pacatumque
424 763 506 831 reget
520 751 622 829 patn'is
636 750 794 811 virtutibus
808 752 919 811 orbem.

208 852 250 908 At
264 848 319 908 tibi
332 848 435 925 prima,
450 843 531 924 puer,
547 845 627 903 nullo
641 843 815 932 munuscula
829 844 910 903 cultu

209 943 348 1000 Errantes
362 939 488 998 hederas
502 933 614 1015 passim
628 955 695 996 cum
709 936 856 996 bacchare
870 936 958 996 tellus

209 1035 364 1109 Mixtaque
379 1030 487 1091 ridenti
501 1024 650 1090 colocasia
663 1028 768 1116 fundet
781 1016 917 1088 acantho.

209 1130 298 1204 Ipsae
313 1128 389 1187 lacte
404 1126 526 1184 domum
540 1123 668 1182 reserent
682 1111 812 1181 distenta
825 1122 958 1198 capellae
1016 1111 1020 1119 ’

209 1222 321 1293 Ubera,
337 1237 392 1278 nec
407 1235 531 1295 magnos
546 1223 680 1274 metuent
694 1225 828 1274 armenta
842 1215 953 1273 leones.

209 1316 282 1390 Ipsa
296 1311 349 1370 tibi
363 1311 491 1370 blandos
505 1308 631 1367 fundent
644 1307 792 1367 cunabula
805 1307 901 1366 flores.

209 1389 337 1466 Occidet
351 1413 381 1463 et
394 1421 526 1480 serpens,
543 1410 573 1462 et
587 1400 676 1460 fallax
690 1399 783 1458 herba
795 1398 905 1458 veneni
991 1411 1035 1496 Ο

201 1497 355 1572 ΙΟοοὶἀεῐς
376 1495 529 1574 Assyrium
543 1494 632 1570 vulgo
646 1503 785 1552 nascetur
799 1510 956 1552 amomum,

209 1594 251 1651 At
265 1590 350 1650 simul
364 1590 487 1648 heroum
502 1586 605 1646 laudes
620 1596 651 1646 et
665 1586 743 1645 sacta
757 1584 888 1662 parentis

207 1686 275 1761 Jam
290 1684 388 1761 legere
403 1691 433 1741 et
448 1700 523 1757 quae
537 1681 576 1740 sit
589 1679 701 1757 poteris
717 1696 899 1754 cognoscere
913 1678 1015 1753 virtus,

209 1777 298 1836 Molli
312 1775 454 1853 paulatim
468 1774 606 1833 flavescet
621 1791 744 1849 campus
760 1772 858 1845 arista,

209 1869 393 1946 Incultisque
408 1868 518 1926 rubens
532 1865 675 1944 pendebit
690 1865 824 1924 sentibus
838 1884 904 1938 uva,

209 1964 248 2022 Et
262 1963 352 2022 durae
367 1979 493 2038 quercus
509 1958 657 2018 sudabunt
671 1956 789 2018 roscida
803 1958 898 2016 mella

209 2057 308 2114 Pauca
322 2064 422 2113 tamen
437 2053 578 2112 suberunt
591 2052 707 2128 priscae
721 2050 847 2126 vestigia
860 2049 979 2123 fraudis,

209 2149 295 2222 Quae
309 2158 422 2208 tentare
437 2145 556 2206 Thetim
571 2145 692 2218 ratibus,
709 2162 786 2220 quae
801 2144 919 2220 cingere
934 2143 1025 2203 muris

208 2242 337 2318 Oppida,
353 2259 428 2317 quae
446 2240 572 2320 jubeant
586 2237 681 2298 telluri
695 2238 841 2296 infindere
856 2237 964 2296 sulcos,

170 2360 176 2365 ·
209 2337 293 2395 Alter
307 2333 361 2395 erit
375 2344 438 2394 tum
452 2333 574 2412 Tiphys,
590 2343 620 2392 et
634 2332 726 2391 altera
740 2349 817 2407 quae
832 2331 921 2390 vehat
935 2332 1019 2408 Argo

209 2428 350 2487 Delectos
364 2429 489 2501 heroas;
509 2435 595 2485 erunt
609 2426 698 2484 etiam
713 2425 806 2484 altera
819 2424 907 2496 bella,

209 2524 308 2597 Atque
323 2522 428 2581 iterum
442 2520 480 2579 ad
495 2520 617 2595 Trojam
631 2536 753 2595 magnus
768 2517 901 2575 mittetur
915 2514 1059 2576 Achillea

209 2614 300 2688 Hine,
316 2614 367 2673 ubi
385 2615 447 2693 jam
460 2613 577 2671 firmata
591 2610 685 2670 virum
698 2621 728 2670 te
743 2609 845 2669 fecerit
860 2620 950 2683 aetas,

209 2707 305 2767 Cedet
320 2716 350 2765 et
364 2707 428 2783 ipse
443 2706 517 2765 mari
531 2714 641 2777 vector,
658 2723 714 2763 nec
728 2704 846 2763 nautica
859 2703 947 2779 pinus

209 2800 339 2859 Mutabit
353 2810 487 2858 merces:
507 2797 604 2857 omnis
618 2798 691 2856 feret
705 2796 806 2856 omnia
820 2796 914 2855 tellus.

208 2894 238 2950 N
240 2911 280 2951 on
294 2902 403 2951 rastros
417 2890 544 2969 patietur
557 2891 672 2963 humus,
689 2909 750 2948 non
764 2889 852 2948 vinea
865 2888 991 2962 salcem3

209 2985 363 3044 Robustus
378 3003 496 3062 quoque
514 2984 576 3063 jam
590 2983 680 3042 tauris
698 2982 1006 3061 juga'solvetarat013

209 3080 275 3138 Nee
288 3078 386 3136 varios
400 3077 495 3136 discet
509 3075 627 3135 mentiri
642 3076 711 3134 lana
724 3075 849 3147 colores,

209 3173 280 3248 Ipse
295 3171 349 3230 sed
363 3171 394 3229 in
408 3170 499 3247 pratis
514 3170 589 3229 aries
608 3170 669 3244 jam
684 3187 774 3227 suave
788 3167 906 3227 rubenti

209 3264 333 3337 Murice,
354 3265 415 3340 jam
429 3281 535 3326 croceo
549 3262 674 3321 mutabit
687 3262 799 3320 vellera
812 3262 895 3335 lut03

208 3358 322 3434 Sponte
336 3375 390 3415 sua
404 3340 518 3435 sandyx
531 3364 688 3433 pascentes
702 3354 810 3413 vestiet
824 3372 926 3431 agnos.

208 3450 295 3508 Talia
308 3450 415 3522 saecla,
431 3449 492 3508 suis
508 3448 650 3521 dixerunt,
666 3446 782 3520 currite,
798 3446 871 3506 fusis

209 3542 383 3601 Concordes
397 3541 496 3600 stabili
511 3541 636 3599 latorum
649 3540 770 3598 numine
785 3541 903 3599 Parcae.

209 3634 381 3711 Aggredere
396 3652 414 3693 0
428 3651 551 3710 magnos
560 3632 702 3691 -aderit
721 3633 784 3707 jam·
797 3632 1111 3709 tempus—honores,

209 3727 287 3786 Cara
301 3726 389 3785 deum
404 3725 533 3799 suboles,
548 3744 688 3803 magnum
701 3724 786 3800 Jovis
799 3724 1030 3785 incrementum!

210 3819 342 3897 Adspice
356 3837 491 3880 convexo
505 3827 659 3880 nutantem
673 3819 807 3896 pondere
821 3818 975 3892 mundum,

1162 3844 1189 3883 50
