3017 4700
280 407 336 465 188
572 423 598 478 13.
620 421 754 466 mamm
773 423 918 468 umoms

317 570 359 627 At
371 565 439 645 pius
452 570 580 642 Aeneas,
595 587 774 644 quamquam
789 567 880 629 lenire
894 569 1045 629 dolentem

277 661 409 721 Solando
423 661 505 738 cupit
517 671 549 721 et
563 660 651 721 dictis
663 671 798 722 avertere
811 681 906 735 curas,

276 758 374 815 Multa
386 774 511 833 gemens
523 774 691 832 magnoque
705 755 836 816 animum
851 755 1014 816 labefactus
1027 773 1136 829 amore,
1211 781 1247 821 295

275 852 363 926 Jussa
377 859 477 908 tamen
491 847 593 907 divum
606 848 784 924 exsequitur,
799 849 986 925 classemque
999 849 1106 911 revisit

274 944 353 1001 Tum
367 960 438 1001 vero
452 941 559 1000 Teucri
573 941 747 1000 incumbunt
760 950 791 1000 et
805 941 890 1000 litore
904 942 1001 1010 celsas

276 1035 438 1094 Deducunt
451 1044 514 1094 toto
529 1033 621 1094 navis.
664 1035 758 1094 Natat
771 1044 861 1093 uncta
874 1034 981 1107 carina,

275 1128 522 1203 Frondentesque
536 1127 633 1186 ferunt
646 1145 745 1186 remos
760 1135 791 1186 et
804 1128 912 1187 robora
924 1126 1005 1186 silvis

275 1220 463 1292 Infabricata,
478 1220 565 1298 fugae
579 1217 687 1279 studio.

274 1314 442 1392 Migrantes
456 1331 570 1386 cernas,
586 1322 708 1389 totaque
722 1331 760 1370 ex
773 1312 845 1372 urbe
860 1321 987 1372 ruentes.

274 1408 321 1465 Ac
334 1406 416 1466 velut
430 1405 581 1483 ingentem
594 1406 734 1466 formicae
747 1403 833 1464 farris
847 1423 983 1464 acervum

274 1500 375 1574 Quum
388 1498 541 1575 populant,
554 1497 661 1558 hiemis
674 1515 832 1570 memores,
847 1508 986 1573 tectoque
1000 1506 1148 1573 reponunt
1159 1517 1167 1571 ;

221 1657 231 1670 ,
274 1593 304 1651 It
318 1591 434 1669 nigrum
448 1591 562 1667 campis
576 1609 692 1668 agmen,
707 1590 906 1667 praedamque
920 1608 974 1666 per
987 1589 1094 1648 herbas

274 1685 460 1745 Convectant
474 1685 548 1744 calle
562 1695 689 1762 angusto
701 1707 711 1759 ;
730 1704 800 1762 pars
813 1684 936 1762 grandia
950 1684 1071 1744 trudunt
1210 1711 1247 1750 403

274 1777 410 1838 Obnixae
424 1778 571 1836 smmenta
584 1777 734 1852 humeris,
753 1797 822 1854 pars
836 1778 955 1856 agmina
968 1787 1080 1855 cogunt

275 1870 488 1948 Castigantque
501 1889 619 1944 moras,
639 1889 730 1947 opere
741 1869 840 1930 omnis
855 1870 959 1929 semita
972 1871 1071 1930 fervet

168 2019 170 2022 Α
274 1962 350 2036 Quis
363 1963 417 2022 tibi
431 1974 502 2036 tum,
519 1964 609 2037 Dido,
624 1962 758 2023 cernenti
771 1963 842 2022 talia
855 1981 968 2037 sensus,

274 2055 396 2129 Quosve
411 2057 504 2118 dabas
518 2058 654 2135 gemitus,
670 2075 761 2133 quum
776 2056 862 2116 litora
875 2056 988 2116 fervere
1002 2056 1061 2116 late

274 2149 463 2226 Prospiceres
478 2169 544 2210 arce
559 2169 596 2209 ex
610 2169 733 2223 summa,
749 2159 903 2225 totumque
915 2150 1031 2208 videres
1209 2173 1247 2211 4¹0
1274 2221 1276 2226 ¹

274 2242 395 2302 Misceri
409 2254 478 2303 ante
493 2245 596 2303 oculos
610 2237 701 2303 tantis
714 2242 893 2303 clamoribus
906 2245 1037 2319 aequor?

274 2337 414 2413 Improbe
429 2358 519 2412 amor,
534 2337 607 2414 quid
622 2357 683 2398 non
697 2336 832 2397 mortalia
846 2347 968 2414 pectora
981 2336 1083 2414 cogis?

273 2431 322 2487 Ire
336 2430 440 2488 iterum
455 2430 486 2489 in
499 2431 645 2503 lacrimas
660 2431 765 2489 itemm
780 2440 893 2489 tentare
907 2430 1058 2506 precando

275 2521 407 2599 Cogitur,
423 2533 453 2582 et
467 2524 594 2600 supplex
606 2522 722 2583 animos
736 2522 907 2581 submittere
921 2522 1022 2594 amori,

274 2615 321 2673 Ne
335 2614 407 2690 quid
421 2616 606 2693 inexpertum
620 2617 726 2675 frustra
739 2614 880 2674 moritura
893 2614 1045 2690 relinquat
1207 2642 1245 2682 μς

313 2709 411 2779 Anna,
427 2708 511 2767 vides
525 2718 588 2768 toto
602 2708 754 2785 properari
768 2707 872 2768 litore?
913 2706 1032 2767 Circum

273 2800 416 2875 Undique
431 2819 597 2859 convenere
609 2824 619 2875 3
637 2810 725 2861 vocat
741 2801 805 2879 jam
818 2800 958 2860 carbasus
973 2820 1067 2873 auras,

273 2891 426 2969 Puppibus
440 2903 470 2953 et
484 2893 553 2953 laeti
567 2904 674 2953 nautae
687 2895 854 2971 imposuere
867 2911 1001 2953 coronas

274 2988 366 3045 Hunc
380 3004 436 3063 ego
451 2986 475 3046 si
489 2986 571 3062 potui
585 2996 700 3047 tantum
713 3006 831 3065 sperare
845 2987 988 3059 dolorem,

174 3110 181 3125 ι
274 3080 312 3137 Et
325 3079 462 3155 perferre,
477 3098 568 3152 soror,
583 3090 695 3156 potero,
737 3081 867 3141 Miserae
881 3081 939 3139 hoc
953 3091 1052 3139 tamen
1066 3096 1156 3137 unum
1204 3106 1242 3145 μυ

273 3172 452 3248 Exsequere,
468 3174 566 3244 Anna,
580 3172 672 3248 mihi;
688 3175 785 3235 solam
800 3192 868 3233 nam
883 3172 1013 3250 perfidus
1027 3170 1076 3229 ille

273 3266 318 3323 Te
332 3266 438 3338 colere,
453 3284 577 3325 arcanos
592 3265 680 3324 etiam
694 3265 747 3326 tibi
762 3266 881 3325 credere
896 3268 1018 3339 Sensus3

275 3356 345 3415 Sola
357 3357 411 3416 viri
425 3358 530 3418 molles
544 3358 643 3417 aditus
657 3369 687 3417 et
699 3368 834 3434 tempora
847 3362 955 3417 no'ras:

273 3451 298 3521 Ι,
315 3468 406 3521 soror,
421 3460 510 3526 atque
524 3450 642 3511 hostem
656 3450 781 3527 supplex
795 3450 883 3509 affare
896 3448 1075 3526 superbum:

259 3530 345 3600 'Non
359 3560 415 3618 ego
429 3561 496 3602 cum
512 3543 625 3601 Danais
639 3543 800 3620 Trojanam
813 3542 986 3602 exscindere
1001 3553 1121 3621 gentem
1209 3564 1247 3605 423

272 3635 381 3694 Aulide
399 3635 502 3715 juravi,
517 3636 679 3695 classemve
692 3636 731 3695 ad
745 3638 891 3713 Pergama
903 3635 979 3707 misi,

274 3730 340 3788 Nec
353 3728 443 3804 patris
457 3728 608 3787 Anchisae
620 3727 752 3787 cinerem
766 3730 912 3787 Manesve
927 3727 1049 3787 revelli:

275 3822 335 3881 Cur
348 3840 415 3881 mea
428 3821 508 3881 dicta
521 3830 610 3899 negat
624 3820 712 3880 duras
725 3820 880 3881 demittere
897 3820 928 3879 in
941 3822 1049 3880 aures?
