3017 4700
521 413 681 458 BUCOLICA.
726 413 792 458 ECL.
815 413 861 456 111.

581 544 583 549 ’
615 571 769 610 nuuoarss

209 644 345 723 Phyllida
359 642 443 704 mitte
457 641 547 702 mihi:
568 661 652 703 meus
667 642 842 716 estuantis,
860 642 956 714 Iolla3

208 739 309 814 Quum
324 736 429 797 faciam
443 735 536 796 vitula
549 755 603 814 pro
618 735 757 812 frugibus,
772 735 836 812 ipse
850 732 959 818 venito.

616 852 769 890 nursicus.

206 925 345 1003 Phyllida
359 943 427 985 amo
442 933 511 984 ante
525 923 596 984 alias
608 945 617 999 3
637 942 707 983 nam
721 942 770 982 me
785 923 938 984 discedere
951 921 1042 997 flevit,

209 1021 248 1079 Et
262 1019 384 1096 longum
399 1019 552 1090 Formose,
567 1018 642 1091 vale,
658 1016 732 1090 vale,
748 1015 852 1093 inquit,
869 1017 953 1078 Iolla

620 1135 772 1173 DAMODTAS.

209 1205 305 1264 Triste
320 1205 406 1281 lupus
421 1202 552 1276 stabulis,
567 1201 688 1262 maturis
702 1201 831 1278 frugibus
846 1202 964 1276 imbres,

210 1297 374 1358 Arboribus
389 1296 478 1371 venti,
494 1295 582 1356 nobis
596 1294 787 1372 Amaryllidis
800 1286 885 1355 irae'

619 1415 773 1453 nauticas

211 1488 308 1547 Dulce
322 1485 392 1547 satis
407 1487 521 1558 humor,
537 1483 667 1560 depulsis
682 1484 802 1544 arbutus
817 1484 929 1558 haedis,

211 1581 308 1640 Lenta
321 1579 394 1638 salix
408 1579 469 1638 feto
482 1577 592 1654 pecori,
608 1576 680 1635 mihi
695 1578 776 1636 solus
790 1580 943 1655 Amyntas

496 1745 500 1756 Ι
620 1697 774 1735 ounoums

212 1765 308 1826 Pollio
323 1775 402 1825 amat
416 1774 555 1837 nostram,
572 1762 707 1839 quamvis
721 1773 767 1822 est
780 1762 896 1839 rustica,
912 1765 1052 1824 Musam:

212 1859 350 1932 Pierides,
366 1857 487 1919 vitulam
502 1856 605 1916 lectori
620 1855 731 1933 pascite
746 1868 852 1917 vestro.

621 1975 773 2014 Mauricas.

213 2045 310 2106 Pollio
324 2055 353 2104 et
367 2043 431 2121 ipse
444 2041 515 2128 lacit
529 2061 607 2101 nova
621 2041 770 2102 carmina:
791 2043 903 2119 pascite
918 2053 1042 2116 taumm,

211 2141 278 2215 Jam
293 2156 385 2199 comu
398 2145 481 2213 petat
494 2147 525 2196 et
538 2135 665 2224 pedibus
679 2134 729 2211 qui
745 2128 862 2213 spargat
876 2155 1004 2197 arenam

620 2256 775 2294 nauoams

212 2325 272 2403 Qui
286 2336 324 2400 te,
341 2323 444 2399 Pollio,
462 2333 549 2399 amat,
564 2321 671 2397 veniat,
688 2341 748 2400 quo
763 2334 792 2385 te
807 2342 927 2401 quoque
940 2322 1059 2401 gaudet,
1117 2378 1120 2383 .

213 2421 306 2480 Mella
319 2419 412 2479 fluant
426 2417 477 2493 illi,
492 2419 565 2478 serat
580 2427 609 2477 et
623 2417 713 2477 rubus
728 2436 815 2495 asper
828 2436 988 2477 amomum

621 2538 775 2576 MENALCAS.

213 2606 274 2682 Qui
288 2605 412 2665 Bavium
426 2624 487 2665 non
502 2604 574 2678 odit,
590 2614 669 2667 amet
684 2615 736 2664 tua
749 2604 889 2679 carmina,
907 2603 1016 2678 Macri,

214 2702 313 2776 Atque
328 2698 408 2771 idem
421 2699 525 2779 jungat
539 2698 642 2774 vulpes
657 2709 687 2757 et
702 2672 834 2775 mulgeat¹
846 2697 952 2758 hircos.

621 2816 777 2855 Damouras.

215 2884 275 2960 Qui
289 2883 385 2965 legitis
399 2884 486 2943 flores
500 2878 530 2943 et
544 2881 626 2941 humi
642 2884 797 2943 nascentia
810 2884 898 2960 fraga,

215 2976 357 3054 Frigidus,
374 2996 393 3037 0
407 2975 498 3053 pueri,
515 2974 604 3053 fugite
618 2974 697 3049 hinc,
714 2976 787 3036 latet
801 2974 908 3059 anguis
919 2975 950 3035 in
963 2974 1063 3035 herba.

625 3092 779 3130 nnumcas

216 3165 341 3239 Parcite,
358 3184 438 3237 oves
455 3163 578 3223 nimium
593 3165 775 3241 procedere:
795 3183 858 3225 non
871 3157 949 3223 bene
963 3162 1043 3240 ripae

217 3252 367 3332 Creditum
388 3258 452 3335 ipsc
467 3257 543 3319 aries
559 3256 648 3318 etiam
662 3277 742 3317 nunc
757 3258 866 3318 vellera
880 3255 979 3317 siccat.

624 3374 778 3411 nauoums.

216 3448 326 3527 Tityre,
341 3457 499 3524 pascentes
513 3462 531 3507 a
544 3445 664 3507 flumine
678 3445 755 3505 reice
770 3446 899 3522 capellas
912 3468 918 3505 :

110 3576 114 3588 ·
218 3543 296 3619 Ipse,
312 3540 364 3600 ubi
378 3550 495 3618 tempus
510 3538 572 3613 erit,
588 3558 692 3600 omnes
706 3539 736 3597 in
751 3539 833 3598 fonte
847 3538 962 3599 lavabo.

629 3656 782 3695 MENALCAS·

218 3730 325 3809 Cogite
340 3750 420 3804 oves,
435 3729 537 3807 pueri;
558 3728 582 3788 si
596 3728 642 3789 lac
656 3727 837 3805 praeceperit
851 3738 957 3801 aestus,

219 3826 264 3885 Ut
277 3842 379 3901 nuper,
395 3823 501 3882 frustra
513 3820 713 3899 pressabimus
727 3822 819 3881 ubera
831 3818 945 3897 palmis
