3017 4700
313 415 372 471 204
626 414 652 456 P.
674 413 808 457 VIRGILII
830 413 971 458 MARONIS

313 558 442 619 Levibus
455 558 525 618 huie
538 554 635 619 hamis
649 569 816 619 consertam
831 579 962 636 auroque
977 559 1101 630 trilicem

312 652 459 726 Loricam,
474 671 564 728 quam
579 653 727 712 Demoleo
741 653 908 714 detraxerat
922 653 986 730 ipse

311 745 416 805 Victor
429 745 509 822 apud
523 744 658 821 rapidum
673 745 826 806 Simoenta
840 749 896 807 snb
913 747 970 806 Ilio
984 748 1054 820 alto,

313 840 416 899 Donat
429 839 540 898 habere
553 839 627 912 vir0‚
642 839 735 899 decus
749 849 781 898 et
794 849 926 903 tutamen
941 839 971 898 in
987 839 1082 899 armis.

311 931 371 990 Vix
385 931 466 991 illam
479 931 581 991 famuli
596 931 732 1009 Phegeus
746 932 920 1010 Sagarisque
935 933 1069 994 serebant

313 1024 519 1102 Multiplicem,
535 1024 655 1084 connixi
669 1024 817 1099 humeris3
837 1024 956 1085 indutus
970 1036 1001 1085 at
1015 1026 1086 1084 olim

313 1119 476 1178 Demoleos
490 1137 578 1178 cursu
592 1118 727 1194 palantes
742 1117 836 1177 Troas
851 1120 965 1195 agebat.

312 1211 412 1270 Tertia
426 1212 508 1270 dona
519 1211 591 1270 facit
604 1210 738 1288 geminos
752 1230 790 1270 ex
804 1229 870 1270 aere
884 1211 1006 1284 lebetas,

313 1304 498 1381 Cymbiaque
514 1314 637 1380 argento
651 1303 783 1380 perfecta
796 1313 885 1380 atque
899 1323 1003 1380 aspera
1018 1303 1115 1380 signis.

311 1399 440 1474 Jamque
454 1397 531 1456 adeo
546 1395 650 1458 donati
664 1415 768 1456 omnes
783 1396 949 1473 opibusque
965 1397 1083 1474 superbi

312 1489 451 1550 Puniceis
464 1489 548 1550 ibant
562 1489 671 1549 evincti
685 1499 821 1566 tempora
834 1489 947 1563 taeniis,

313 1584 413 1658 Quum
428 1602 517 1642 saevo
531 1602 548 1642 e
562 1582 686 1659 scopulo
700 1584 794 1642 multa
807 1583 856 1642 vix
871 1593 931 1643 arte
946 1585 1085 1657 revulsus,
1249 1613 1286 1650 270

312 1675 439 1736 Amissis
453 1676 542 1736 remis
556 1685 646 1753 atque
659 1675 763 1736 ordine
778 1675 884 1736 debilis
899 1696 967 1750 uno,

313 1768 431 1828 Irrisam
446 1768 509 1829 sine
524 1771 638 1829 honore
653 1779 744 1830 ratem
760 1771 911 1847 Sergestus
925 1771 1038 1848 agebat

313 1861 417 1937 Qualis
431 1881 520 1938 saepe
531 1861 596 1922 viae
611 1863 773 1940 deprensus
787 1862 817 1922 in
832 1881 937 1940 aggere
952 1881 1081 1940 serpens,

313 1957 410 2042 Aerea
424 1975 513 2032 quem
527 1948 682 2032 obliquum
696 1966 762 2016 rota
775 1955 897 2030 transiit,
913 1967 963 2016 aut
976 1955 1071 2033 gravis
1085 1955 1144 2016 ictu

312 2047 497 2108 Seminecem
510 2048 596 2125 liquit
609 2069 682 2109 saxo
695 2050 885 2126 lacerumque
895 2049 997 2123 viator,
1239 2047 1286 2116 ἠς

312 2141 525 2218 Nequidquam
539 2143 645 2220 longos
659 2143 774 2220 fugiens
789 2143 840 2202 dat
853 2161 979 2220 corpore
994 2152 1096 2216 tortus,

312 2236 399 2294 Parte
414 2235 504 2308 ferox,
519 2235 685 2312 ardensque
699 2235 802 2309 oculis,
819 2246 849 2295 et
863 2235 948 2296 sibila
962 2236 1040 2294 colla

278 2406 280 2412 Α
312 2328 432 2389 Arduus
446 2329 585 2400 attollens
597 2352 606 2404 3
627 2347 696 2405 pars
705 2330 826 2389 vulnere
841 2329 947 2389 clauda
961 2339 1087 2389 retentat

312 2424 481 2501 Nexantem
495 2422 583 2482 nodis
597 2441 688 2498 seque
702 2422 732 2480 in
747 2441 801 2481 sua
815 2424 948 2481 membra
961 2422 1137 2499 plicantern:

311 2514 379 2573 Tali
393 2514 515 2592 remigio
529 2514 614 2574 navis
629 2534 661 2574 se
676 2515 760 2574 tarda
774 2515 932 2588 movebat;
1251 2534 1288 2573 an>

311 2609 388 2667 Vela
402 2609 472 2667 facit
486 2619 595 2680 tamen,
610 2619 641 2667 et
653 2608 727 2667 velis
742 2607 822 2668 subit
836 2607 911 2667 ostia
925 2608 1028 2685 plenis
1269 2600 1276 2611 ⁹

312 2702 478 2776 Sergestum
492 2703 611 2759 Aeneas
624 2700 770 2776 promisso
785 2719 906 2760 munere
921 2701 1021 2775 donat,

312 2796 463 2853 Servatam
478 2795 518 2853 ob
533 2812 641 2852 navem
655 2793 749 2852 laetus
764 2793 920 2870 sociosque
935 2795 1080 2855 reductos

312 2885 373 2945 Olli
388 2905 472 2945 serva
486 2886 580 2958 datur,
597 2904 720 2961 operum
734 2886 815 2945 haud
830 2886 931 2964 ignara
946 2888 1107 2961 Minervae,

313 2980 421 3039 Cressa
434 2998 537 3055 genus,
554 2979 678 3052 Pholoe,
694 2978 864 3056 geminique
879 2982 934 3041 sub
948 2982 1038 3040 ubere
1052 2981 1122 3040 nati.
1250 2999 1286 3047 285

354 3073 426 3131 Hoc
440 3071 508 3148 pius
517 3074 641 3182 ¹Aeneas
655 3073 747 3146 misso
762 3072 1034 3152 certamineltendit

276 3192 280 3200 ¹
312 3164 503 3225 Gramineum
518 3155 549 3224 in
563 3184 710 3246 campum,
727 3184 822 3243 quem¹
832 3166 1103 3248 collibusfundique
1113 3166 1212 3239 ¹curvis

313 3257 483 3335 Cingebant
497 3257 596 3333 silvae,
612 3258 770 3339 mediaque
785 3258 815 3317 in
829 3261 906 3319 valle
921 3260 1026 3323 theatri

244 3371 248 3380 ¹
313 3350 417 3411 Circus
432 3362 512 3428 erat5
530 3370 597 3428 quo
605 3372 636 3412 se
650 3352 749 3430 multis
764 3370 833 3411 curn
846 3352 964 3438 milibus
976 3352 1065 3416 lreros

235 3457 239 3462 '
313 3444 464 3507 Consessu
479 3444 610 3533 medium
625 3446 697 3540 tulitl
705 3455 914 3521 exstructoque
928 3446 1046 3513 resedit.
1251 3476 1288 3513 290

314 3536 386 3620 Hic,¹
400 3536 451 3613 qui
462 3538 540 3614 torte
554 3537 646 3602 velint
660 3537 765 3616 rapido
779 3539 1071 3613 contendereicursu

314 3629 425 3689 Invitat
438 3629 543 3706 pretiis
555 3615 677 3704 animos
694 3642 724 3690 et
738 3618 870 3708 praemia
882 3630 973 3708 ponit

313 3723 457 3799 Undique
471 3721 654 3783 conveniunt
667 3723 775 3783 Teucri
790 3722 932 3801 mixtique
947 3723 1054 3798 Sicani,

315 3816 405 3875 Nisus
420 3827 449 3876 et
464 3818 606 3893 Euryalus
620 3816 716 3894 primi,

1207 3774 1214 3803 l
