3017 4700
597 387 754 434 malms
776 387 834 432 ma.
858 389 903 432 111.

267 530 406 611 Postibus
420 529 551 592 adversis
563 531 633 610 figo,
648 542 679 592 et
691 551 754 592 rem
768 533 903 594 carmine
911 532 1015 611 signo:

267 630 398 686 Anunas
419 641 503 683 nnnc
524 641 567 682 uu
588 641 704 683 nauum
722 641 907 695 vtcroarsps
925 644 1023 686 naus.

267 719 415 796 Linquere
430 728 492 776 tum
506 727 608 793 portus
618 717 711 796 jubeo
726 728 756 778 et
769 717 924 790 considere
938 717 1080 780 transtris.
1080 779 1103 810 r

267 812 410 873 Certatim
424 809 497 870 socii
511 809 619 871 feriunt
632 829 711 868 mare
726 820 758 870 et
771 830 900 888 aequora
913 821 1039 872 venunt.

267 906 407 965 Protinus
421 903 514 963 aerias
530 903 698 962 Phaeacum
712 903 925 964 abscondimus
940 923 1031 978 arces,

267 998 427 1074 Litoraque
442 995 524 1074 Epiri
538 995 664 1074 legimus
678 1006 825 1074 portuque
840 997 971 1057 subimus

267 1091 404 1152 Chaonio
418 1101 447 1150 et
461 1091 573 1150 celsam
588 1089 724 1150 Buthroti
738 1089 909 1150 accedimus
923 1091 1036 1156 urbem

307 1185 369 1244 Hic
383 1181 565 1242 incredibilis
577 1200 675 1241 rerum
689 1181 769 1242 fama
784 1193 911 1260 occupat
925 1203 1010 1242 aures

267 1276 436 1336 Priamiden
451 1277 603 1336 Helenum
618 1273 723 1335 Graias
737 1293 858 1350 regnare
873 1295 926 1352 per
940 1278 1037 1350 urbeS,

267 1369 416 1447 ConJugio
429 1368 579 1430 Aeacidae
594 1367 697 1446 Pyrrhi
711 1367 894 1446 sceptrisque
908 1368 1044 1446 potitum,

267 1464 305 1522 Et
319 1463 414 1540 patrio
430 1461 661 1522 Andromachen
674 1460 782 1520 iterum
797 1461 921 1522 cessisse
936 1461 1051 1522 marito.

267 1555 425 1633 Obstupui,
434 1555 575 1631 «miroque
589 1556 744 1614 incensum
758 1564 862 1632 pectus
877 1573 985 1627 amore,

267 1650 456 1727 Compellare
470 1649 564 1708 virum
579 1659 609 1708 et
622 1668 710 1708 casus
724 1666 905 1726 cognoscere
920 1657 1028 1708 tantos·
1044 1691 1050 1701 .

268 1741 443 1821 Progredior
457 1751 553 1819 portu,
569 1742 672 1802 classis
686 1752 716 1801 et
730 1741 818 1800 litura
831 1740 977 1818 linquens,

267 1836 432 1896 Sollemnes
447 1855 538 1911 quum
552 1835 627 1894 sorte
641 1835 733 1911 dapes
747 1846 778 1894 et
791 1833 884 1897 tristia
899 1833 979 1893 dona

267 1932 348 1989 Ante
362 1930 466 1989 urbem
481 1928 511 1986 in
526 1929 594 1986 luco
608 1928 674 1986 falsi
688 1927 847 1987 Simoentis
862 1926 901 1986 ad
915 1925 1027 1986 undam

268 2021 396 2083 Libabat
409 2021 500 2082 cineri
514 2021 723 2080 Andromache
739 2023 906 2096 Manesque
920 2020 1047 2078 vocabat
1097 2071 1103 2081 .

268 2117 455 2174 Hectoreum
469 2114 507 2173 ad
522 2115 674 2186 tumulum,
689 2111 774 2173 viridi
790 2133 878 2190 quem
893 2111 1023 2191 caespite
1039 2110 1158 2194 inanem

268 2210 307 2269 Et
319 2207 462 2286 geminas,
478 2226 614 2268 caussam
628 2206 763 2280 lacrimis,
779 2215 943 2266 sacraverat
956 2224 1030 2264 aras

268 2303 312 2363 Ut
326 2311 374 2362 me
388 2299 544 2379 conspexit
557 2299 725 2361 venientem
738 2310 769 2361 et
782 2299 873 2361 Troia
886 2299 997 2361 circum

269 2398 361 2455 Arma
376 2414 479 2455 amens
492 2394 575 2468 vidit,
590 2394 706 2471 magnis
720 2394 857 2455 exterrita
870 2394 1011 2455 monstris
1060 2460 1067 2469 ,

269 2488 404 2569 Deriguit
418 2487 483 2551 visu
497 2487 528 2549 in
542 2486 651 2561 medio,
666 2488 748 2547 calor
762 2507 832 2549 ossa
845 2487 982 2565 reliquit;

268 2569 400 2654 Labitur,
416 2592 446 2640 et
460 2581 550 2658 longo
560 2580 610 2639 vix
623 2582 746 2641 tandem
760 2592 893 2659 tempore
907 2584 1000 2641 fatur:

269 2676 387 2733 Verane
401 2683 430 2733 te
445 2674 544 2746 facies,
560 2693 646 2733 verus
660 2674 733 2733 mihi
746 2674 867 2735 nuntius
882 2677 976 2751 affers,

270 2770 349 2827 Nate
364 2768 440 2827 dea?
457 2766 590 2828 vivisne?
610 2778 669 2842 aut,
685 2767 711 2827 si
724 2770 775 2827 lux
789 2769 868 2827 alma
880 2767 1008 2842 recessit,

269 2863 386 2920 Hector
400 2858 451 2918 ubi
465 2830 529 2920 eit?
564 2859 655 2933 Dixit,
670 2861 864 2937 lacrimasque
879 2861 982 2923 effudit
997 2871 1026 2921 et
1040 2880 1162 2923 omnem

269 2953 412 3030 Implevit
425 2954 554 3013 clamore
567 2954 674 3013 locum.
711 2954 771 3011 Vix
784 2973 881 3029 pauca
893 2954 1000 3013 furenti

269 3045 402 3123 Subjicio
417 3055 447 3104 et
460 3045 531 3105 raris
545 3048 678 3105 turbatus
692 3044 816 3105 vocibus
830 3046 934 3107 hisco:

267 3139 347 3198 Vivo
363 3136 512 3213 equidem,
527 3137 677 3214 vitamque
691 3149 822 3199 extrema
836 3158 888 3215 per
903 3139 1115 3215 omnia·duco;
1220 3170 1229 3195 1

270 3235 318 3291 Ne
333 3230 445 3302 dubita,
461 3250 531 3289 nam
544 3248 614 3289 vera
626 3229 717 3290 vides

269 3327 359 3384 Heul
378 3321 444 3398 quis
459 3333 488 3381 te
502 3340 588 3381 casus
601 3322 748 3399 dejectam
763 3326 889 3403 conjuge
904 3336 988 3385 tanto
1168 3392 1182 3416 A

267 3415 408 3493 Excipit?
428 3425 479 3474 aut
493 3434 569 3492 quae
584 3414 673 3491 digna
686 3414 758 3475 satis
765 3417 890 3477 ‚fortuna
902 3418 1001 3478 revisit
1041 3420 1068 3457 Γ·
1085 3422 1089 3450 ³
1106 3410 1111 3428 ‘
1160 3429 1165 3444 ’
1222 3444 1228 3451 ·
1249 3404 1252 3414 ⁴

267 3507 413 3570 Hectoris
427 3509 677 3568 Andromachen?
699 3509 830 3585 Pyrrhin'
845 3510 996 3570 connubia
1009 3514 1129 3573 servas?

268 3602 389 3679 Dejecit
402 3602 516 3660 vultum
530 3612 560 3661 et
573 3600 702 3661 demissa
715 3621 790 3662 voce
805 3604 904 3663 locuta
917 3615 979 3663 est:

267 3698 295 3757 Ο
310 3696 383 3755 felix
397 3713 458 3753 uua
469 3705 540 3754 ante
554 3693 626 3753 alias
640 3694 786 3753 Priameia
799 3694 889 3771 virgo,

267 3786 422 3849 Hostilem
436 3787 475 3846 ad
489 3788 635 3847 tumulum
649 3789 758 3865 Troiae
773 3789 828 3850 sub
843 3788 1001 3851 moenibus
1015 3790 1082 3851 altis
