3017 4700
238 476 255 506 ι
585 416 743 460 nuuuruos
765 417 822 460 nra.
846 417 892 460 111.
1168 398 1221 472 167

252 566 429 643 Troiugena,
445 562 588 640 interpres
602 563 711 637 divum,
727 563 778 640 qui
792 561 914 622 numina
929 559 1052 636 Phoebi,

252 658 312 736 Qui
326 658 465 735 tripodas,
483 656 572 718 Clarii
587 658 692 730 laurus,
709 655 760 733 qui
774 655 872 716 sidera
886 655 977 716 sentis
1187 671 1225 721 ³⁶0

252 755 290 814 Et
304 753 456 812 volucrum
470 749 591 826 linguas
598 761 629 810 et
642 749 789 826 praepetis
804 749 905 809 omina
917 767 1043 827 pennae,

252 848 326 905 Fare
340 861 582 922 age-namque
596 862 716 902 omnem
730 861 848 902 cursum
862 841 934 901 mihi
949 859 1090 921 prospera
1103 839 1177 902 dixit

252 937 378 1015 Religio,
394 947 424 997 et
438 935 538 996 cuncti
553 946 706 996 suaserunt
719 934 841 996 numine
855 935 915 996 divi

251 1031 370 1091 Italiam
385 1041 486 1107 petere
501 1039 531 1088 et
545 1038 636 1090 terras
651 1038 765 1088 tentare
779 1038 930 1105 repostas3

250 1125 319 1185 Sola
333 1142 442 1184 novum
457 1121 597 1198 dictuque
611 1123 693 1182 nesas
709 1121 843 1199 Harpyia
858 1123 990 1184 Celaeno
1184 1137 1221 1188 3⁶5

251 1217 423 1293 Prodigium
438 1215 530 1295 canit,
540 1225 571 1274 et
586 1213 681 1274 tristes
695 1214 850 1275 denuntiat
864 1215 929 1288 iras,

250 1310 482 1384 Obscenamque
498 1310 607 1368 famem
615 1326 740 1384 -quae
754 1307 849 1385 prima
863 1307 994 1385 pericula
1006 1306 1088 1367 vito?

252 1401 369 1478 Quidve
384 1420 512 1477 sequens
527 1411 625 1460 tantos
639 1400 751 1478 possim
767 1420 904 1478 superare
919 1401 1057 1462 labores?

251 1494 313 1555 Hic
328 1494 464 1553 Helenus
482 1493 579 1552 caesis
596 1493 723 1570 primurn
738 1494 776 1555 de
791 1495 873 1554 more
886 1493 1020 1570 juvencis

252 1590 362 1664 Errorat
376 1606 481 1664 pacem
495 1587 605 1660 divum,
621 1587 768 1664 vittasque
783 1587 903 1648 resolvit

251 1679 361 1741 Sacrati
376 1678 489 1756 capitis,
505 1699 612 1756 meque
626 1680 665 1739 ad
680 1690 730 1739 tua
744 1679 854 1754 limina,
873 1681 1004 1755 Phoebe,

251 1776 321 1850 Ipse
329 1767 426 1833 'manu
440 1774 534 1832 multo
548 1792 725 1849 suspensum
740 1773 861 1834 numine
876 1773 966 1848 ducit,

250 1870 350 1944 Atque
364 1867 439 1925 haec
454 1865 562 1940 deinde
577 1865 656 1926 cauit
671 1864 772 1926 divino
790 1885 827 1926 ex
841 1885 893 1926 ore
908 1867 1066 1940 sacerdos:

291 1963 369 2019 Nate
384 1960 449 2032 dea,
458 1977 575 2017 —nam
590 1968 620 2018 te
634 1957 795 2034 maioribus
810 1958 850 2018 ire
865 1977 918 2035 per
931 1960 1026 2020 altum

252 2051 400 2130 Auspiciis
414 2050 571 2110 manifesta
584 2051 678 2110 fides:
699 2050 742 2110 sic
757 2052 817 2110 lata
831 2052 921 2112 deum
935 2071 988 2112 rex

251 2146 382 2220 Sortitur,
398 2143 548 2220 volvitque
563 2143 664 2219 vices3
685 2143 709 2203 is
724 2143 844 2204 vertitur
858 2146 932 2205 ordo
941 2179 982 2188 -

252 2241 352 2299 Pauca
366 2237 419 2298 tibi
434 2257 451 2298 e
465 2237 573 2310 multis,
590 2256 650 2314 quo
665 2237 754 2297 tutior
768 2236 886 2314 hospita
901 2239 1005 2299 lustres

252 2336 393 2410 Aequora
408 2341 438 2393 et
452 2330 588 2391 Ausonio
602 2329 698 2408 possis
713 2329 869 2395 considere
884 2342 980 2411 portu,

253 2426 418 2503 Expediam
432 2424 540 2500 dictis3
559 2424 718 2502 prohibent
732 2444 803 2485 nam
818 2435 918 2487 cetera
931 2429 1042 2485 Parcae

251 2518 330 2580 Scire
345 2520 497 2579 Helenum
511 2518 623 2595 farique
637 2529 718 2579 vetat
734 2519 872 2580 Saturnia
884 2522 972 2596 Juno.

252 2612 401 2690 Principio
416 2612 542 2687 Italiam,
558 2632 648 2689 quam
662 2624 694 2673 tn
709 2614 771 2689 jam
785 2633 849 2675 rere
863 2612 1061 2690 propinquam

251 2705 444 2782 Vicinosque,
461 2704 569 2781 ignare,
586 2725 670 2782 paras
685 2705 825 2767 invadere
840 2718 950 2784 portus,

149 2799 153 2803 ’
251 2800 358 2877 Longa
370 2799 474 2876 procul
488 2798 584 2882 longis
597 2798 646 2858 via
661 2798 766 2860 dividit
780 2799 860 2860 invia
873 2799 963 2860 terris

253 2895 332 2951 Ante
347 2903 376 2951 et
391 2880 543 2950 Trinacria
556 2891 714 2952 lentandus
728 2913 827 2953 remus
842 2893 873 2952 iu
887 2893 976 2967 unda,

254 2987 292 3045 Et
305 2984 374 3045 salis
389 2983 516 3045 Ausonii
529 2985 714 3046 lustrandum
729 2986 854 3047 navibus
868 3005 988 3063 aequor,

253 3076 424 3154 Inlemique
439 3079 521 3136 lacus
537 3079 716 3154 Aeaeaeque
730 3078 826 3139 insula
841 3077 955 3152 Circae,

218 3202 219 3205 ¹
253 3172 353 3247 Quam
367 3168 541 3250 tuta‘possis
555 3172 659 3230 urbem
673 3189 854 3247 componere
869 3182 953 3231 terra

253 3264 342 3341 Signa
356 3262 410 3324 tibi
425 3264 542 3336 dicam3
563 3272 596 3322 tu
609 3262 732 3323 condita
745 3274 845 3323 mente
860 3260 961 3325 teneto
973 3287 980 3324 ι

253 3358 354 3433 Quum
368 3356 422 3415 tibi
437 3355 563 3415 sollicito
578 3354 683 3415 secreti
697 3356 736 3415 ad
750 3354 879 3415 fluminis
893 3357 1006 3417 undam

252 3448 379 3510 Litoreis
394 3448 497 3527 ingens
512 3448 633 3508 inventa
646 3449 701 3507 sub
715 3446 832 3508 ilicibus
847 3468 897 3510 sus

252 3541 387 3619 Triginta
400 3542 532 3619 capitum
546 3542 623 3601 fetus
637 3540 724 3601 enixa
734 3541 856 3618 jacebit,

255 3636 343 3709 Alba,
359 3636 425 3695 solo
439 3636 593 3708 recubans,
609 3632 669 3695 albi
683 3633 794 3695 circum
808 3636 899 3696 ubera
912 3634 982 3710 nati,

254 3731 286 3788 Is
300 3728 384 3787 locus
398 3727 478 3787 urbis
492 3726 554 3801 erit,
569 3727 686 3803 requies
699 3746 735 3787 ea
748 3737 830 3788 certa
843 3730 986 3789 laborum.

255 3822 321 3881 Nec
335 3830 368 3879 tu
382 3838 549 3879 mensarum
564 3838 679 3881 morsus
693 3820 830 3883 horresce
844 3820 974 3883 futuros:
