3017 4700
523 426 729 470 METAMORPH.
752 427 810 470 LIB.
832 427 876 470 XI.

214 571 383 632 ¹Increvisse
399 572 466 646 suis,
482 572 665 649 obscuraque
679 573 802 633 carbasa
815 572 898 649 pullo

217 665 329 725 Naides
344 675 374 724 et
389 667 524 743 Dryades
538 684 703 742 passosque
717 666 847 725 habuere
861 664 993 743 capillos.

217 757 354 817 Membra
369 758 470 836 jacent
485 759 600 817 diversa
614 759 695 818 locis.
739 758 845 834 Caput,
863 759 1139 846 Hebre,'lyramque
1165 784 1190 820 so
1222 804 1225 809 -

158 907 165 920 ‚
217 850 344 928 ExcipiS,
361 851 709 910 et-mirum-medio
724 851 796 909 dum
809 851 918 910 labitur
931 869 1027 924 amne,

217 943 329 1003 Flebile
344 945 445 1003 nescio
461 944 532 1020 quid
547 942 679 1020 queritur
692 943 761 1021 lyra,
776 944 876 1002 flebile
890 944 991 1021 lingua

218 1039 382 1096 Murmurat
397 1037 548 1110 exanimis,
566 1037 751 1113 respondent
764 1036 864 1095 flebile
879 1035 969 1112 ripae.

216 1115 341 1205 Jamque
356 1149 437 1189 mare
452 1128 585 1189 invectae
600 1130 710 1188 flumen
724 1130 866 1206 populare
881 1129 1060 1205 relinquunt,

218 1223 256 1280 Et
271 1223 499 1299 Methymnaeae
513 1223 666 1299 potiuntur
679 1221 765 1282 litore
780 1221 889 1280 Lesbi:
1166 1250 1190 1286 ss

218 1315 278 1373 Hic
292 1315 371 1374 serus
386 1315 551 1392 expositum
566 1315 729 1393 peregrinis
744 1315 849 1392 anguis
863 1315 961 1374 arenis

217 1407 260 1466 Os
275 1408 348 1483 petit
363 1418 394 1467 et
408 1427 525 1484 sparsos
540 1408 662 1468 stillanti
677 1427 741 1468 rore
757 1408 888 1485 capillos.

217 1500 352 1559 Tandem
369 1502 508 1560 Phoebus
523 1501 607 1560 adest
621 1519 795 1578 morsusque
810 1501 1086 1583 inferrelparantern
1130 1521 1134 1530 ’

217 1594 313 1666 Arcet,
331 1593 405 1652 etin
421 1593 550 1670 lapidem
564 1581 654 1653 rictus
669 1594 814 1671 serpentis
828 1605 946 1671 apertos

218 1687 372 1764 Congelat,
388 1696 418 1745 et
431 1688 557 1762 patulos,
572 1697 606 1746 ut
619 1697 711 1761 erant,
727 1688 844 1747 indurat
859 1688 964 1747 hiatus
1165 1702 1190 1739 ⁶0

217 1780 333 1838 Umbra
348 1779 427 1838 subit
442 1790 534 1840 terras
549 1789 586 1852 et,
602 1799 678 1856 quae
693 1782 759 1840 loca
772 1780 885 1841 viderat
897 1791 975 1853 ante,

217 1873 332 1931 Cuncta
346 1873 539 1948 recognoscit,
555 1861 761 1949 quaerensque
775 1892 828 1949 per
842 1893 912 1932 arva
925 1874 1043 1950 piorum

216 1965 334 2025 Invenit
351 1965 518 2043 Eurydicen
532 1966 708 2042 cupidisque
723 1968 910 2043 amplectitur
923 1967 1007 2026 ulnis,

217 2058 278 2116 Hic
292 2059 382 2116 modo
396 2059 562 2134 conjunctis
578 2059 741 2134 spatiantur
752 2059 891 2134 passibus
905 2059 1003 2132 ambo,

216 2151 304 2208 Nunc
317 2151 545 2226 praecedentem
560 2151 699 2226 sequitur,
716 2169 795 2210 nunc
809 2152 944 2228 praevius
958 2153 1052 2212 anteit
1163 2167 1189 2214 ⁶⁵

217 2242 442 2320 Eurydicenque
457 2263 540 2303 suam
559 2245 620 2320 jam
635 2253 699 2302 tuto
716 2244 836 2320 respicit
850 2246 997 2321 Orpheus,

256 2337 325 2395 Non
339 2337 459 2413 impune
474 2348 574 2397 tamen
589 2338 684 2397 scelus
699 2337 757 2397 hoc
772 2337 842 2397 sinit
856 2354 924 2397 esse
940 2340 1077 2417 Lyaeus3

215 2430 392 2505 Amissoque
407 2431 512 2489 dolens
526 2450 675 2490 sacrorum
689 2441 758 2489 vate
772 2450 901 2504 suorum,

215 2523 352 2581 Protinus
367 2524 397 2580 in
412 2523 496 2583 silvis
508 2534 617 2584 matres
633 2524 787 2583 Edonidas
800 2542 914 2597 omnes,

216 2616 301 2691 Quae
316 2615 415 2675 videre
430 2617 522 2690 nefas,
538 2626 614 2676 torta
629 2618 728 2677 radice
743 2617 852 2695 ligavit.
1165 2646 1190 2681 ⁷0

215 2710 334 2785 Quippe
348 2708 458 2785 pedum
474 2709 590 2787 digitos,
607 2710 635 2768 in
652 2721 795 2787 quantum
809 2720 855 2769 est
868 2728 1003 2786 quaeque
1017 2719 1128 2783 secuta,

215 2802 317 2860 Traxit
332 2812 363 2860 et
376 2802 407 2860 in
422 2801 547 2861 solidam
562 2804 688 2863 detrusit
702 2803 837 2863 acumine
852 2813 966 2862 terram.

215 2896 318 2971 thue
332 2914 418 2954 suum
432 2895 554 2971 laqueis,
571 2914 647 2971 quos
661 2896 787 2955 callidus
801 2896 915 2956 abdidit
929 2914 1048 2973 aucepS,

215 2988 291 3047 Crus
306 2988 356 3046 ubi
371 2987 518 3048 commisit
531 2990 660 3049 volucris
674 2990 827 3065 sensitque
842 2990 944 3062 teneri,

214 3082 374 3159 Plangitur‚
390 3101 425 3141 ac
439 3082 591 3158 trepidans
606 3082 764 3160 adstringit
776 3083 896 3141 vincula
909 3093 1010 3142 motu:
1165 3113 1189 3150 75

216 3174 273 3247 Sic,
290 3192 485 3251 quaecunque
500 3176 565 3235 solo
579 3176 617 3234 de
631 3176 690 3235 fixa
704 3176 877 3235 cohaeserat
889 3177 1002 3248 harum,

215 3270 391 3326 Exstemata
405 3268 504 3346 fugam
518 3268 624 3327 frustra
638 3269 773 3327 tentabat
785 3293 793 3342 3
814 3278 844 3327 at
858 3269 940 3327 illam

214 3362 310 3418 Lenta
324 3370 407 3443 tenet
421 3360 504 3420 radix
519 3362 775 3437 exsultantemque
789 3363 912 3420 coercet
959 3386 964 3391 ·

215 3452 356 3528 Dumque
371 3452 421 3511 ubi
437 3454 494 3513 sint
509 3453 601 3531 digiti,
618 3454 688 3512 dum
703 3473 757 3529 pes
771 3454 831 3527 ubi,
848 3455 970 3530 quaerit,
986 3461 1017 3514 et
1030 3470 1154 3530 ungues,

214 3546 354 3622 Adspicit
368 3545 399 3604 in
414 3556 523 3605 teretes
537 3548 650 3623 lignum
665 3531 823 3605 succedere
839 3566 930 3620 suras,
1163 3566 1190 3604 so
1241 3603 1246 3612 ,

216 3639 255 3696 Et
269 3648 376 3697 conata
390 3639 484 3698 femur
497 3638 641 3697 maerenti
655 3640 796 3715 plangere
810 3639 921 3712 dextra,

217 3732 339 3791 Robora
353 3732 519 3808 percussit,
539 3742 643 3807 pectus
658 3750 778 3808 quoque
792 3737 898 3792 robora
911 3732 994 3811 fiunt,

215 3824 338 3883 Robora
353 3835 422 3884 sunt
435 3826 558 3898 humeri,
574 3834 769 3902 porrectaque
782 3826 903 3885 brachia
916 3844 1003 3884 veros

216 3918 291 3977 Esse
305 3928 392 3995 putes
407 3936 504 3978 ramos
519 3928 549 3977 et
563 3936 623 3978 non
637 3918 738 3978 fallare
752 3919 894 3995 putando.
