3017 4700
544 409 725 454 eudaemon
747 410 804 453 LlB.
825 411 845 452 1.

212 555 380 620 Deucalion
393 573 520 614 vacuum
533 554 648 632 lapides
658 554 781 634 jactavit
795 554 826 614 in
841 555 952 629 orbem,

212 651 303 712 Unde
317 648 454 708 homines
468 647 539 720 nati,
555 647 661 708 durum
673 667 774 724 genus.
819 650 897 724 Ergo
910 667 973 725 age,
989 658 1083 710 terrae

96 773 106 786 =
212 743 325 820 Pingue
339 742 436 801 solum
449 739 551 816 primis
565 741 714 816 extemplo
728 760 747 799 a
760 740 910 800 mensibus
925 741 995 801 anni

212 838 316 896 Fortes
330 835 475 894 invertant
489 831 572 907 tauri,
586 833 766 909 glaebasque
778 833 911 912 jacentes

213 929 420 988 Pulverulenta
434 936 544 1002 coquat
557 925 678 985 maturis
693 924 805 986 solibus
819 936 916 988 aestas
924 949 934 1002 3

212 1023 253 1081 At
268 1021 292 1080 si
306 1039 367 1080 non
380 1019 467 1079 suerit
481 1020 567 1079 tellus
581 1017 717 1090 secunda,
733 1019 788 1078 sub
801 1017 899 1094 ipsum

212 1117 370 1173 Arcturum
381 1112 463 1172 tenui
477 1123 522 1172 sat
536 1111 590 1172 erit
604 1111 784 1188 suspendere
798 1112 900 1172 sulco:

214 1207 290 1281 Illic,
306 1206 437 1266 officiant
451 1205 536 1266 laetis
550 1225 588 1266 ne
602 1205 732 1282 frugibus
746 1204 864 1277 herbae,

214 1299 284 1373 Hie,
301 1300 428 1359 sterilem
443 1299 564 1376 exiguus
579 1319 617 1359 ne
631 1300 749 1360 deserat
762 1299 869 1358 humor
882 1317 1008 1362 arenam

252 1393 382 1461 Alternis
397 1393 476 1452 idern
491 1404 592 1452 tonsas
606 1411 720 1452 cessare
734 1392 864 1466 novales,

215 1489 253 1545 Et
267 1505 388 1562 segnem
401 1485 513 1562 patiere
527 1485 585 1545 situ
599 1487 754 1545 durescere
769 1503 925 1562 campum3

213 1582 274 1638 Aut
288 1579 331 1638 ibi
343 1579 421 1637 flava
435 1597 513 1638 seres
525 1589 640 1654 mutato
655 1579 750 1638 sidere
764 1579 847 1650 farra,

198 1714 200 1717 -
214 1673 305 1732 Unde
319 1671 399 1748 prius
413 1672 523 1731 laetum
538 1670 643 1748 siliqua
656 1681 815 1746 quassante
829 1673 966 1748 legumen

215 1769 276 1827 Aut
291 1764 387 1824 tenuis
401 1765 477 1824 setus
490 1765 584 1823 viciae
599 1764 748 1840 tristisque
764 1763 857 1841 lupini

216 1857 372 1918 Sustuleris
386 1857 504 1935 fragiles
517 1858 648 1916 calamos
661 1856 824 1933 silvamque
838 1866 1001 1930 sonantem.

215 1951 283 2012 Urit
297 1951 377 2010 enim
390 1951 443 2010 lini
456 1970 595 2028 campum
610 1969 703 2026 seges,
719 1949 777 2011 urit
790 1968 910 2024 avenae,

138 2118 141 2122 Ι
214 2035 314 2104 Urunt
329 2044 462 2103 Lethaeo
477 2044 594 2119 perfusa
607 2043 756 2119 papavera
770 2061 896 2103 somno:

215 2138 272 2198 Sed
287 2147 388 2196 tamen
402 2135 522 2196 alternis
536 2135 629 2196 facilis
642 2137 746 2210 labor3
765 2135 847 2196 arida
861 2145 976 2195 tantum

216 2233 263 2290 Ne
277 2241 406 2290 saturare
419 2230 490 2289 fimo
505 2229 607 2307 pingui
620 2229 731 2306 pudeat
744 2230 816 2302 sola,
831 2248 907 2290 neve

216 2324 328 2384 Effetos
343 2323 472 2383 cinerem
485 2323 670 2383 immundum
681 2323 793 2402 jactare
807 2342 860 2399 per
873 2341 967 2399 agros.

216 2416 265 2477 Sic
278 2435 398 2493 quoque
412 2416 531 2475 mutatis
544 2417 730 2493 requiescunt
743 2415 850 2477 fetibus
865 2437 942 2490 arva,

216 2512 282 2569 Nec
296 2510 377 2569 nulla
389 2509 503 2569 interea
516 2519 562 2569 est
575 2510 704 2569 inaratae
717 2509 811 2586 gratia
824 2520 927 2569 terrae.

217 2604 313 2679 Saepe
328 2602 417 2663 etiam
431 2601 544 2661 steriles
558 2602 717 2662 incendere
730 2602 841 2678 profuit
852 2621 936 2679 agros

215 2697 314 2772 Atque
328 2696 424 2754 levem
438 2694 575 2771 stipulam
588 2696 800 2772 crepitantibus
814 2714 897 2755 urere
911 2694 1058 2755 flammis:

217 2788 285 2847 Sive
300 2787 370 2848 inde
384 2788 516 2847 occultas
530 2786 606 2847 vires
621 2800 650 2848 et
664 2789 774 2864 pabula
788 2797 882 2849 terrae

216 2880 342 2956 Pinguia
355 2879 547 2955 concipiunt3
567 2880 628 2940 sive
642 2880 699 2939 illis
713 2900 803 2940 omne
817 2900 870 2958 per
884 2882 981 2958 ignem

216 2972 398 3048 Exeoquitur
410 2971 522 3045 vitium,
538 2982 627 3049 atque
642 2974 767 3033 exsudat
781 2973 892 3033 inutilis
906 2975 1032 3048 humor;

217 3066 276 3124 Seu
290 3065 389 3141 plures
403 3065 484 3124 c'alor
498 3064 547 3125 ille
560 3065 623 3124 vias
638 3076 668 3125 et
681 3085 772 3126 caeca
785 3068 895 3127 relaxat

217 3157 412 3233 Spiramenta‚
427 3176 520 3217 novas
534 3158 634 3217 veniat
648 3178 708 3235 qua
721 3178 808 3218 sucus
823 3160 853 3217 in
868 3159 992 3231 herbas;

214 3251 272 3308 Seu
287 3249 373 3309 durat
386 3250 487 3327 magis,
503 3261 533 3311 et
547 3270 638 3311 venas
651 3249 806 3327 adstringit
819 3250 944 3323 hiantes

215 3343 244 3400 N
247 3362 263 3401 e
278 3352 382 3402 tenues
396 3344 523 3419 pluviae,
539 3344 671 3420 rapidive
684 3342 820 3420 potentia
834 3344 903 3402 solis

216 3436 329 3508 Acrior,
345 3447 396 3495 aut
411 3438 522 3495 Boreae
536 3437 718 3512 penetrabile
732 3437 822 3512 frigus
836 3436 947 3495 adurat

256 3529 385 3588 Multum
399 3529 484 3601 ade0,
500 3527 599 3589 rastris
611 3530 733 3605 glaebas
748 3530 799 3605 qui
814 3528 921 3605 frangit
935 3528 1044 3589 inertes

213 3620 427 3697 Vimineasque
441 3622 530 3681 trahit
543 3631 646 3694 crates,
658 3623 743 3699 juvat
756 3642 844 3697 arva;
863 3642 961 3697 neque
975 3621 1057 3682 illum

214 3714 306 3773 Flava
321 3716 416 3774 Ceres
427 3716 488 3774 alto
503 3714 706 3791 nequidquam
721 3726 835 3791 spectat
850 3715 1000 3793 Olymp03

214 3808 254 3867 Et
268 3807 327 3883 qui,
342 3807 491 3886 proscisso
506 3827 583 3883 quae
597 3806 719 3868 suscitat
733 3806 861 3884 aequore
876 3819 965 3885 terga,
