3017 4700
224 3335 233 3358 C
240 3354 244 3361 .

183 3439 187 3445 ,
206 3360 242 3421 κ“”
266 3374 367 3444 Tecta,
384 3372 470 3430 simul
485 3350 585 3430 divim
599 3372 719 3448 ‚templis
732 3371 838 3431 indicit
851 3374 1002 3432 honorem

269 351 324 407 130
582 344 607 387 P.
630 344 763 388 VIRGILII
785 343 927 388 MARONIS

266 495 336 551 Non
351 491 418 568 opis
431 500 478 550 est
492 491 725 565 nostraa'Dido,
741 507 797 550 nec
811 488 956 567 quidquid
970 488 1080 564 ubique
1094 497 1142 549 est

265 584 372 643 Gentis
388 583 565 656 Dardaniae,
580 601 720 660 magnum
736 601 812 659 quae
826 600 930 659 sparsa
943 599 997 658 per
1010 582 1132 666 orbem,

267 677 307 735 Di
322 677 384 750 tibi,
400 676 426 736 si
440 695 499 752 qua
512 676 579 753 pios
592 685 762 753 respectant
777 674 906 747 numina,
922 675 947 734 si
962 675 1034 751 quid
1089 713 1091 719 ,

267 771 403 845 Usquam
421 769 536 844 justitia
549 779 597 828 est
610 779 640 828 et
684 787 739 828 ens
753 767 811 826 sibi
826 767 947 826 conscia
960 769 1041 841 recti,

267 861 400 920 Praemia
414 861 505 939 digua
517 861 621 920 ferant.
645 788 750 950 intime
765 869 794 920 te
809 869 870 919 tam
884 860 962 920 laeta
976 862 1106 920 tulerunt
1205 875 1242 922 60⁵

268 955 411 1014 Saecula?
423 933 483 1040 iqui
497 955 572 1013 tanti
587 955 676 1013 talem
690 971 817 1030 genuere
831 957 990 1030 parentes?
1093 971 1096 978 ·

267 1050 304 1106 In
318 1046 394 1106 freta
407 1047 478 1105 dum
492 1047 574 1105 fluvii
588 1055 714 1118 current,
729 1046 801 1104 dum
815 1047 967 1106 montibus
981 1047 1103 1106 umbrae

267 1140 449 1199 Lustrabunt
463 1156 603 1212 convexa,
617 1138 707 1214 polus
721 1138 793 1196 dum
807 1138 905 1198 sidera
919 1149 1029 1216 pascet,

266 1235 389 1309 Semper
401 1233 499 1292 honos
514 1250 683 1307 nomenque
698 1241 780 1290 tuum
795 1231 959 1308 laudesque
973 1232 1159 1305 manebunt,

267 1326 352 1398 Quae
367 1345 414 1384 me
428 1343 555 1401 cumque
569 1335 677 1384 vocant
692 1335 795 1384 terrae.
838 1326 886 1386 Sic
900 1327 986 1399 satuS,
1002 1327 1128 1386 amicum
1206 1344 1244 1382 ⁶10

267 1419 383 1477 llionea
397 1417 471 1494 petit
485 1418 597 1492 dextra,
614 1419 758 1494 laevaque
773 1419 931 1493 Serestum,
1006 1425 1009 1434 “

267 1513 338 1570 Post
352 1511 435 1583 alios,
451 1513 616 1587 fortemque
631 1513 726 1590 Gyan,
741 1512 907 1589 fortemque
922 1514 1110 1576 Cloanthum.
1118 1527 1167 1599 sp

307 1604 471 1680 Obstupuit
484 1605 581 1680 primo
595 1605 740 1682 adspectu
754 1607 877 1666 Sidonia
892 1607 982 1680 Dido,

267 1699 347 1757 Casu
362 1697 471 1757 deinde
486 1697 540 1756 viri
554 1708 646 1772 tanto,
663 1700 750 1758 etsie
765 1717 816 1758 ore
831 1700 929 1759 locuta
943 1710 1006 1760 est:

267 1789 341 1864 Quis
349 1800 387 1863 te,
400 1801 469 1850 nate
483 1791 548 1865 dea,
564 1811 617 1868 per
630 1801 712 1852 tanta
725 1793 856 1870 pericula
870 1813 957 1854 casus

183 1957 188 1963 ι
267 1883 459 1959 Insequitur?
480 1903 556 1960 quae
567 1884 612 1944 vis
627 1885 805 1944 immanibus
820 1887 950 1962 applicat
964 1887 1045 1947 oris?

266 1976 352 2034 Tune
367 1975 417 2034 ille
432 1979 559 2051 Aeneas,
575 1997 664 2053 quem
679 1977 833 2038 Dardanio
847 1979 997 2040 Anchisae

266 2069 355 2128 Alma
369 2071 471 2129 Venus
486 2070 606 2148 Phrygii
619 2071 722 2149 genuit
736 2070 897 2131 Simoentis
912 2073 950 2131 ad
965 2073 1097 2134 undam?

266 2164 366 2237 Atque
381 2163 520 2238 equidem
533 2165 682 2222 Teucrum
696 2165 818 2223 memini
835 2165 948 2224 Sidona
961 2165 1062 2225 venire

266 2255 389 2314 Finibus
403 2257 558 2332 expulsum
571 2257 682 2332 patriis,
698 2276 776 2316 nova
790 2275 882 2335 regna
895 2268 1047 2335 petentem
1060 2285 1075 2296 Ἴ

266 2347 384 2408 Auxilio
400 2349 484 2424 Beli3
503 2349 620 2428 genitor
633 2361 696 2409 tum
711 2350 799 2409 Belus
814 2350 945 2427 opimam

264 2442 411 2501 Vastabat
426 2444 565 2521 Cyprum,
581 2452 612 2501 et
626 2443 721 2501 victor
734 2442 847 2503 ditione
862 2445 991 2504 tenebat.

265 2537 413 2612 Tempore
432 2537 493 2612 jam
508 2554 545 2594 ex
559 2536 610 2594 illo
624 2554 711 2594 casus
725 2536 798 2593 mihi
812 2537 948 2614 cognitus
962 2537 1044 2596 urbis

265 2630 599 2704 Trojanaenomenque
614 2638 696 2687 tuum
711 2646 855 2704 regesque
870 2630 996 2708 Pelasgi.

266 2724 338 2797 lpse
352 2720 447 2780 hostis
462 2723 595 2780 Teucros
610 2720 718 2798 insigni
732 2721 821 2779 laude
835 2722 956 2795 ferebat,
971 2738 974 2743 ·

267 2817 366 2891 Seque
380 2824 475 2873 ortum
489 2814 612 2890 antiqua
625 2816 809 2873 Teucrorum
824 2814 862 2873 ab
877 2816 966 2892 stirpe
980 2816 1108 2875 volebat.

266 2908 368 2981 Quare
383 2908 469 2985 agite,
485 2925 504 2966 o
519 2907 614 2980 tectis,
634 2908 769 2983 juveneS,
785 2908 936 2967 succedite
951 2908 1068 2968 nostris.

266 3003 319 3060 Me
335 3019 454 3077 quoque
468 3018 523 3077 per
536 3001 646 3059 multos
661 3000 766 3059 similis
781 3001 898 3060 fortuna
912 3002 1030 3061 labores

264 3096 411 3170 Jactatam
425 3096 482 3153 hac
497 3095 616 3153 demum
629 3092 723 3153 voluit
736 3092 899 3154 consistere
913 3104 998 3155 terra.

266 3189 337 3245 Non
352 3186 454 3264 ignara
467 3187 537 3245 mali
551 3186 665 3268 miseris
679 3204 851 3246 succurrere
864 3187 956 3248 disco.

267 3278 316 3339 Sic
330 3288 494 3353 memorat;
513 3278 601 3337 simul
617 3281 741 3339 Aenean
756 3280 787 3338 in
802 3280 882 3358 regia
896 3268 978 3340 ducit

266 3466 332 3523 Nec
346 3463 444 3523 minus
458 3463 572 3538 interea
586 3465 674 3524 sociis
688 3465 728 3523 ad
741 3464 827 3525 litora
841 3465 931 3525 mittit

264 3557 379 3635 Viginti
394 3567 501 3627 tauros
516 3576 691 3635 magnorum
704 3557 854 3617 horrentia
868 3568 989 3617 centnm

265 3652 362 3727 Terga
373 3669 470 3727 Q
485 3650 611 3726 pingues
625 3662 744 3710 centum
760 3670 827 3712 cum
842 3652 983 3711 matribus
998 3669 1100 3729 agnos,

267 3746 394 3803 Munera
407 3742 609 3821 laetitiamque
624 3743 682 3804 dei.
