3017 4700
573 430 731 474 AENEIDOS
753 431 811 474 LIB.
823 431 875 475 ·1v.

189 575 192 580 '
241 577 326 638 Urbe
340 577 447 651 furens,
463 577 558 654 qualis
571 577 709 683 corpjecta
722 579 809 638 cer'va
823 577 936 655 sagitta,

241 674 339 748 Quam
352 671 456 748 procul
470 669 620 730 incautam
633 689 757 731 nemora
770 671 846 731 inter
860 671 963 732 Cresia
970 669 1069 754 Q„

241 769 346 826 Pastor
359 784 450 842 agens
464 764 538 837 telis,
552 763 697 841 liquitque
710 764 830 824 volatile
845 766 951 824 ferrum

242 858 388 932 Nescius,
407 858 458 917 illa
471 859 540 936 fuga
554 857 642 918 silvas
657 859 807 934 saltusque
821 868 956 936 peragrat

242 953 384 1012 Dictaeos
395 973 404 1025 3
424 953 525 1010 haeret
538 950 622 1010 lateri
635 951 731 1010 letalis
745 952 866 1012 amndo.

242 1047 332 1104 Nunc
346 1043 446 1104 media
460 1047 585 1103 Aenean
599 1063 700 1103 secum
713 1063 768 1121 per
780 1043 898 1104 moenia
912 1043 1001 1118 ducit,

241 1136 437 1214 Sidoniasque
452 1146 582 1196 ostentat
595 1155 669 1213 opes
682 1139 845 1214 urbemque
859 1148 990 1214 paratam
1001 1159 1011 1212 3
1162 1181 1164 1186 .
1191 1164 1214 1202 75

242 1230 352 1308 Incipit
366 1229 455 1303 effari,
471 1229 628 1306 mediaque
641 1229 673 1288 in
686 1249 761 1289 voce
776 1229 900 1304 resistit;

244 1327 334 1384 Nunc
348 1324 454 1384 eadem
468 1324 586 1382 labente
601 1321 649 1382 die
663 1321 800 1382 convivia
814 1323 937 1399 quaerit,

243 1418 412 1493 Iliacosque
426 1415 531 1476 iterum
545 1416 668 1475 demens
682 1415 783 1476 audire
797 1417 913 1476 labores

244 1509 394 1587 Exposcit,
409 1509 579 1586 pendetque
593 1508 698 1568 itemm
711 1508 855 1568 narrantis
870 1512 908 1570 ab
922 1529 981 1570 ore.

244 1607 323 1677 Post,
338 1601 390 1663 ubi
404 1601 534 1678 digressi,
549 1603 708 1678 lumenque
722 1604 849 1663 obscura
862 1603 991 1664 vicissim
1192 1619 1217 1657 ao

244 1699 329 1755 Luna
342 1694 449 1772 premit
463 1694 647 1771 suadentque
661 1695 799 1756 cadentia
813 1696 909 1756 sidera
923 1715 1053 1771 somnos,

243 1790 313 1849 Sola
326 1789 417 1848 domo
431 1798 542 1847 maeret
556 1807 658 1861 vacua,
673 1788 828 1865 stratisque
843 1789 952 1850 relictis

244 1883 379 1940 Incubat.
422 1882 512 1955 lllum
526 1880 634 1940 absens
648 1881 802 1941 absentem
817 1883 958 1960 auditque
972 1883 1120 1960 videtque,

243 1977 304 2034 Aut
317 1972 429 2051 gremio
444 1973 615 2046 Ascanium,
630 1972 771 2049 genitoris
786 1974 913 2051 imagine
928 1987 1023 2053 capta,
1161 2036 1163 2044 ,

245 2067 376 2140 Detinet,
391 2066 545 2124 infandum
559 2065 584 2124 si
597 2066 697 2125 fallere
710 2066 805 2143 possit
819 2086 956 2129 amorem.
1194 2083 1217 2133 ⁸⁵

223 2179 225 2183 ·
245 2164 316 2222 Non
330 2170 455 2238 coeptae
469 2159 630 2235 adsurgunt
643 2133 820 2250 turres‚(non
835 2179 916 2220 anna
927 2163 1065 2239 juventus

246 2240 533 2412 Exercetsspmortusve
548 2263 598 2311 aut
611 2247 833 2330 propugnacula
847 2255 927 2314 bello

244 2350 323 2408 Tuta
336 2367 357 2424 p
429 2357 441 2405 t
451 2368 461 2420 3
481 2345 614 2422 pendent
627 2364 718 2444 opera
730 2345 894 2427 interrupta
906 2347 1064 2448 minaequf

246 2444 400 2500 Muromm
413 2440 548 2515 ingentes
562 2450 747 2517 aequataque
761 2442 900 2511 machina
914 2443 1007 2502 coelo
1036 2452 1108 2507 rap,
1123 2458 1142 2499 *t
1155 2450 1256 2495 [aare
1312 2456 1319 2476 ‘

284 2535 384 2609 Quam
397 2531 484 2591 simul
498 2550 533 2591 ac
547 2531 600 2591 tali
613 2534 758 2609 persensit
771 2546 854 2611 peste
869 2534 962 2595 teneri
1193 2563 1219 2600 90

246 2628 324 2687 Cara
336 2626 420 2702 Jovis
434 2627 552 2701 conjux,
567 2645 623 2685 nec
637 2627 746 2687 sarnam
761 2630 878 2690 obstare
893 2627 989 2701 furori,

244 2720 369 2780 Talibus
381 2718 550 2796 adgreditur
562 2721 710 2780 Venerem
725 2722 860 2783 Saturnia
874 2722 960 2782 dictis
972 2745 978 2781 :

246 2812 400 2889 Egregiam
414 2830 484 2871 vero
498 2812 618 2872 laudem
631 2824 662 2873 et
676 2814 772 2891 spolia
786 2816 885 2892 ampla
899 2802 1010 2875 refertis

244 2908 351 2983 Tuque
365 2923 495 2981 puerque
510 2914 585 2979 tuus,
600 2926 740 2983 magnum
754 2920 785 2967 et
798 2908 989 2968 memorabile
1004 2925 1124 2981 nomen,

245 3000 317 3058 Una
331 2998 401 3057 dolo
416 2996 516 3057 divum
532 2997 556 3057 si
570 2999 683 3059 femina
696 3000 775 3061 victa
789 3000 914 3060 duomm
929 3011 981 3060 est.
1194 3028 1218 3065 95
1233 3078 1235 3083 Ι

246 3094 312 3151 Nec
326 3110 374 3149 me
389 3091 466 3149 adeo
479 3090 553 3150 fallit
567 3092 691 3151 veritam
705 3103 735 3151 te
749 3093 868 3153 moenia
882 3104 982 3153 nostra
1164 3082 1165 3085 ¹

245 3186 403 3262 Suspectus
417 3183 557 3245 habuisse
571 3186 679 3244 domos
695 3184 886 3262 Karthaginis
901 3188 985 3246 altae.

245 3278 305 3337 Sed
319 3276 384 3353 quis
399 3276 453 3336 erit
467 3277 583 3350 modus,
598 3287 649 3336 aut
663 3295 724 3353 quo
760 3296 818 3337 unc
833 3279 992 3339 certamine
1007 3282 1110 3340 tanto?

246 3371 327 3446 Quin
342 3369 440 3446 potius
455 3388 561 3446 pacem
576 3296 904 3521 aeternapgpiactosque
919 3372 1099 3449 hymenaeos
1122 3365 1128 3447 i

247 3466 446 3523 Exercemus?
468 3463 569 3536 habes,
584 3472 648 3521 tota
662 3481 701 3537 qu
758 3474 857 3523 mente
872 3462 988 3540 petisti:
1117 3448 1123 3474 ”
1185 3494 1221 3523 100

245 3558 339 3616 Ardet
353 3575 457 3615 amans
472 3554 554 3614 Dido
568 3553 713 3629 traxitque
726 3574 781 3631 per
794 3574 863 3615 ossa
875 3557 1011 3617 furorem.

247 3652 447 3710 Communem
462 3648 541 3705 hunc
555 3665 625 3723 ergo
640 3648 783 3723 populum
798 3648 975 3726 paribusque
990 3669 1124 3727 regamus

247 3741 416 3818 Auspiciis3
436 3739 525 3799 liceat
539 3738 666 3816 Phrygio
680 3739 787 3800 servire
801 3741 915 3815 marite,
932 3770 933 3773 ¹

247 3835 432 3909 Dotalesque
447 3843 515 3893 tuae
529 3831 635 3912 Tyrios
648 3832 818 3908 permittere
832 3835 959 3895 dextrae.
965 3858 992 3931 ,f

945 3947 959 3985 J
