3017 4700
604 407 763 454 nunumos
784 409 843 453 urs.
866 387 927 452 ru·-

634 728 784 788 LIBER
813 730 877 789 IV.

270 932 319 989 Ar
332 926 432 1008 regina
444 924 527 1007 gravi
539 925 717 1003 jamdudum
731 926 831 988 saucia
844 946 915 988 cura

270 1024 386 1083 Vulnus
400 1021 453 1081 alit
465 1019 558 1094 venis,
573 1030 604 1080 et
617 1038 709 1080 caeco
721 1019 852 1096 carpitur
864 1019 932 1098 igni
969 1057 971 1068 ι

272 1117 370 1200 Multa
383 1114 436 1174 viri
448 1113 540 1174 virtus
555 1112 664 1186 animo,
680 1113 851 1200 multusque
866 1123 997 1175 recursat

272 1207 377 1270 Gentis
391 1209 507 1280 hou0s3
526 1207 649 1266 haerent
663 1205 745 1264 infixi
759 1218 880 1283 pectore
894 1209 992 1267 vultus

271 1302 438 1377 Verbaque,
453 1319 510 1360 nee
523 1298 672 1377 placidam
685 1299 827 1360 membris
842 1300 893 1360 dat
908 1320 978 1380 cura
991 1299 1129 1377 quietem.
1234 1329 1245 1366 r

274 1396 398 1454 Postera
411 1394 552 1453 Phoebea
565 1393 708 1452 lustrabat
721 1392 860 1469 lampade
875 1404 965 1454 terras

177 1536 179 1547 .
275 1490 519 1562 Humentemque
532 1488 648 1544 Aurora
661 1486 733 1562 polo
747 1484 910 1546 dimoverat
925 1488 1068 1559 umbram,

272 1581 373 1655 Quum
388 1580 429 1639 sic
443 1578 613 1638 unanimam
627 1577 786 1654 alloquitur
800 1580 877 1638 male
892 1597 966 1639 sana
980 1598 1128 1639 sororem:

271 1676 362 1733 Anna
375 1692 466 1746 soror,
481 1691 558 1749 quae
571 1660 620 1732 me
633 1690 809 1748 suspensam
823 1671 972 1732 insomnia
985 1683 1094 1732 terrent
1105 1677 1111 1731 l

240 1715 264 1806 s
273 1765 349 1841 Quis
362 1785 456 1825 novus
470 1765 520 1824 hic
533 1764 639 1824 nostris
653 1763 796 1824 successit
811 1764 931 1826 sedibus
946 1765 1064 1842 hospes,

273 1860 372 1933 Quem
385 1878 451 1919 sese
465 1877 515 1919 ore
530 1860 634 1931 ferens,
650 1877 740 1934 quam
754 1857 822 1918 forti
836 1861 956 1933 pectore
971 1869 1001 1917 et
1015 1857 1103 1917 armis
1114 1858 1142 1932 ll

273 1952 373 2012 Credo
387 1951 537 2029 equidem,¹
549 1969 605 2010 nec
619 1969 696 2010 vana
708 1951 792 2023 fides,
807 1969 901 2026 genus
916 1969 981 2010 esse
996 1951 1126 2010 deorum.

272 2047 443 2121 Degeneres
458 2044 573 2104 animos
587 2044 675 2104 timor
688 2043 790 2120 arguit.
835 2045 915 2116 Heu,
932 2042 1040 2118 quibus
1054 2042 1103 2102 ille

272 2139 406 2214 Jactatus
420 2136 506 2197 fatis!
524 2156 599 2213 quae
614 2137 695 2196 bella
709 2138 852 2197 exhausta
865 2137 1009 2198 canebat!

274 2230 305 2291 si
320 2230 392 2290 mihi
406 2249 467 2290 uon
482 2229 582 2290 auimo
596 2231 687 2290 fixum
701 2229 916 2306 immotumque
932 2228 1055 2302 sederet,
1224 2257 1246 2296 15

273 2325 321 2385 Ne
336 2323 384 2385 cui
397 2343 445 2384 me
459 2322 558 2384 vinclo
571 2323 678 2385 vellem
692 2322 806 2385 sociare
818 2322 918 2401 jugali,

271 2420 434 2494 Postquam
448 2417 559 2493 primus
574 2436 657 2476 amor
671 2418 827 2494 deceptam
841 2427 936 2477 morte
950 2414 1061 2489 fefellit,
1126 2475 1128 2479 .

273 2509 306 2570 si
320 2529 381 2570 non
395 2521 560 2587 pertaesum
574 2510 697 2569 thalami
712 2511 876 2587 taedaeque
890 2509 1000 2584 fuisset,
1050 2562 1059 2587 ,

273 2604 356 2664 Huic
370 2602 421 2662 uni
434 2604 532 2663 forsan
545 2586 630 2679 potul
644 2605 836 2665 succumbere
850 2600 962 2680 c'ulpae.

274 2698 373 2769 Anna,
387 2698 501 2756 fatebor
514 2696 602 2770 enim,
618 2696 717 2757 miseri
730 2707 801 2774 post
814 2698 875 2757 fata
885 2695 1012 2776 Sychaei

275 2789 418 2865 Coniugis
432 2800 462 2848 et
476 2808 594 2865 sparsos
608 2791 734 2851 fraterna
746 2790 840 2851 caede
855 2780 991 2863 Penates,

274 2882 360 2940 Solus
374 2881 423 2941 hic
437 2881 548 2942 inflexit
561 2902 673 2957 sensus,
689 2882 880 2960 animumque
894 2884 1045 2943 labantem

273 2974 406 3051 Impulit·
446 2977 587 3052 Agnosco
600 2975 706 3036 veteris
720 2975 844 3054 vestigia
857 2976 1000 3036 flammae.

271 3068 331 3127 Sed
345 3067 417 3126 mihi
430 3069 478 3127 vel
491 3069 578 3128 tellus
591 3080 692 3145 optem
707 3070 786 3146 prius
801 3068 861 3128 ima
875 3070 1016 3142 dehiscat,

272 3161 332 3220 Vel
347 3162 434 3221 Pater
447 3161 636 3237 omnipotens
651 3162 751 3238 adigat
764 3180 813 3221 me
827 3162 950 3223 fulmine
965 3163 1004 3222 ad
1017 3162 1146 3235 umbras,
1222 3190 1245 3228 25

273 3255 422 3313 Pallentes
436 3254 554 3313 umbras
570 3253 660 3313 Erebi
673 3264 853 3331 noctemque
867 3255 1054 3332 profundam,

229 3356 232 3359 ’
273 3348 362 3419 Ante,
379 3347 486 3419 Pudor,
502 3365 591 3422 quam
605 3358 635 3407 te
649 3346 737 3419 violo,
753 3356 805 3407 aut
819 3357 870 3407 tua
882 3348 948 3423 jura
960 3348 1086 3409 resolvo.
1100 3382 1103 3392 ι

273 3439 330 3497 Ille
345 3457 436 3513 meos,
451 3438 561 3516 primus
576 3438 627 3515 qui
640 3458 690 3498 me
704 3438 761 3499 sihi
773 3438 878 3515 junxit,
895 3458 1009 3501 amores

272 3530 404 3589 Abstulit
415 3552 424 3604 ;
443 3531 493 3591 ille
506 3531 616 3599 habeat
629 3550 730 3592 secum
744 3544 904 3610 servetque
914 3524 1078 3611 sepulchro.

274 3621 323 3681 Sic
338 3624 427 3683 effata
439 3622 535 3683 sinum
549 3623 676 3684 lacrimis
690 3624 824 3702 implevit
837 3626 957 3687 obortis

311 3717 400 3774 Anna
414 3716 516 3776 refert:
538 3719 566 3779 Ο
581 3717 648 3777 luce
662 3717 755 3795 magis
770 3717 878 3785 dilecta
892 3718 992 3793 sorori,

272 3807 379 3867 Solane
394 3820 536 3885 perpetua
550 3829 818 3889 maerenscarpere
830 3814 960 3891 juventa,

471 3914 495 3942 ιι
