3017 4700
309 432 365 494 150
619 432 645 475 r.
665 431 799 475 vrnornrr
821 431 964 475 unnonrs

346 581 389 636 At
403 596 450 637 me
465 587 528 637 turn
542 575 670 655 primum
684 597 792 638 saevus
807 577 1000 638 circumstetit
1013 576 1125 638 horror.

306 669 475 748 Obstupui;
496 669 586 731 subiit
600 671 659 730 cari
673 670 816 748 genitoris
830 670 937 748 imag0,
1246 687 1283 737 560

305 767 350 825 Ut
364 783 464 840 regem
479 783 662 849 aequaevum
677 763 789 823 cmdeli
804 765 925 823 vulnere
939 762 1000 823 vidi
1044 783 1049 792 ·

304 857 407 917 Vitam
421 843 610 917 exhalantem
622 879 630 931 ;
651 855 741 916 subiit
755 857 872 916 deserta
887 858 1006 931 Creusa,

306 953 345 1010 Et
360 949 476 1028 direpta
489 950 605 1023 domus,
621 959 651 1010 et
664 949 747 1027 parvi
762 969 847 1009 casus
863 949 928 1009 Iuli.

306 1043 458 1121 Respicio,
475 1054 512 1118 et,
529 1063 605 1121 quae
620 1042 658 1103 sit
672 1062 720 1102 me
734 1041 845 1102 circum
860 1043 955 1121 copia,
970 1043 1071 1104 lustra.

306 1139 473 1197 Deseruere
488 1155 592 1196 omnes
607 1134 724 1209 defessi,
739 1146 770 1195 et
784 1155 909 1213 corpora
923 1138 999 1196 saltu
1033 1143 1040 1150 ”
1246 1155 1282 1205 ⁵⁶⁵

306 1231 356 1290 Ad
371 1240 478 1290 terram
493 1229 599 1289 misere
614 1239 664 1288 aut
678 1227 800 1306 ignibus,
811 1249 899 1308 aegra
912 1231 1028 1290 dedere.
1082 1257 1084 1262 ·

347 1321 488 1403 [Jamque
502 1323 580 1382 adeo
594 1341 682 1399 super
695 1341 772 1382 unus
787 1342 875 1397 eram,
892 1342 983 1399 quum
998 1322 1102 1382 limina
1114 1322 1226 1384 Vestae

306 1419 477 1476 Servantem
492 1426 522 1475 et
537 1413 657 1474 tacitam
671 1427 786 1475 secreta
799 1414 829 1474 in
845 1416 915 1476 sede
929 1417 1070 1476 latentem

305 1508 478 1588 Tyndarida
491 1507 644 1584 adspicio:
665 1509 737 1568 dant
751 1509 830 1569 clara
845 1507 983 1568 incendia
996 1509 1094 1568 lucem

268 1663 272 1667 ,
307 1601 422 1662 Erranti
436 1601 606 1679 passimque
621 1603 725 1665 oculos
738 1621 793 1679 per
806 1613 913 1662 cuncta
921 1601 1038 1662 'serenti

305 1697 364 1755 Illa
378 1693 435 1754 sibi
449 1693 573 1754 infestos
587 1715 690 1755 eversa
704 1697 744 1755 ob
760 1695 904 1772 Pergama
917 1697 1049 1756 Teucros
1103 1750 1109 1754 .

307 1791 346 1847 Et
359 1806 473 1864 poenas
489 1790 627 1848 Danaum
642 1798 673 1849 et
685 1788 795 1849 deserti
809 1788 944 1866 conjugis
958 1788 1015 1848 iras

306 1883 528 1955 Praemctuens,
543 1883 653 1957 Trojae
667 1891 697 1941 et
710 1881 822 1959 patriae
837 1881 1003 1942 communis
1019 1879 1153 1959 Erinnys,

308 1973 474 2034 Abdiderat
489 1993 554 2034 sese
568 1986 658 2050 atque
673 1974 730 2034 aris
744 1974 841 2035 invisa
855 1975 985 2035 sedebat.

308 2070 451 2128 Exarsere
466 2068 550 2145 ignes
565 2067 684 2143 anim0;
704 2069 786 2129 subit
799 2068 842 2128 ira
855 2069 1013 2142 cadentem

307 2160 422 2221 Ulcisci
434 2160 561 2238 patriam
575 2171 606 2221 et
620 2159 776 2222 sceleratas
791 2181 907 2222 sumere
921 2180 1042 2239 poenas.
1053 2183 1087 2245 s
1101 2191 1113 2210 a

309 2253 428 2315 Scilicet
443 2255 518 2314 haec
533 2256 669 2331 Spartam
684 2254 842 2314 incolumis
854 2255 1024 2332 patriasque
1039 2255 1184 2332 Mycenas

307 2347 485 2426 Adspiciet?
505 2344 650 2426 partoque
665 2347 719 2410 ibit
733 2348 834 2427 regina
849 2345 1006 2426 triumpho,

308 2441 557 2521 Conjugiurnque,
573 2441 765 2517 domumque,
781 2452 887 2518 patres,
903 2452 1049 2517 natosque
1063 2440 1184 2517 videbit,

308 2534 437 2595 Iliadum
451 2536 537 2594 turba
551 2544 581 2593 et
595 2533 729 2611 Phrygiis
743 2535 884 2593 comitata
897 2533 1058 2595 ministris?

307 2628 459 2688 Occiderit
472 2628 548 2687 ferro
563 2626 717 2687 Priamus?
758 2628 851 2703 Troja
864 2627 965 2687 arserit
979 2626 1060 2705 igni?

308 2720 492 2780 Dardanium
507 2718 594 2779 toties
608 2718 721 2779 sudarit
735 2720 877 2797 sanguine
891 2719 979 2781 litus?

308 2817 380 2873 Non
395 2813 444 2873 ita
488 2815 627 2888 Namque
641 2813 698 2872 etsi
712 2814 826 2873 nullum
841 2813 1033 2875 memorabile
1048 2834 1158 2875 nornen

309 2906 451 2967 Feminea
464 2906 495 2965 in
509 2924 609 2982 poena
623 2916 668 2966 est
681 2926 738 2966 nec
752 2907 843 2967 habet
856 2906 980 2967 victoria
993 2908 1121 2983 laudem,

309 2999 494 3060 Exstinxisse
508 3000 592 3059 nesas
606 3010 704 3059 tamen
721 3011 751 3059 et
766 2999 926 3076 sumpsisse
940 3010 1088 3061 merentes

308 3093 468 3153 Laudabor
481 3111 603 3170 poenas,
619 3092 810 3169 animumque
825 3094 958 3171 explesse
970 3094 1087 3170 juvabit

308 3185 431 3246 Ultricis
445 3186 583 3245 flammae
608 3196 638 3247 et
651 3186 767 3245 cineres
782 3185 904 3245 satiasse
919 3205 1060 3247 meorum.

307 3278 395 3339 Talia
406 3274 564 3354 jactabam,
575 3232 611 3358 bt
625 3279 729 3339 furiata
742 3290 844 3339 mente
857 3257 993 3371 serebaryb

308 3372 410 3447 Quum
425 3371 499 3430 mihi
512 3392 553 3445 se,
569 3391 630 3433 non
645 3382 714 3433 ante
729 3372 823 3432 oculis
838 3383 898 3433 tam
913 3374 1000 3447 clara,
1016 3371 1178 3437 videndam

309 3463 427 3525 Obtulit
441 3476 471 3525 et
484 3484 558 3542 pura
571 3484 625 3542 per
638 3476 759 3526 noctem
769 3465 800 3524 in
815 3466 882 3526 luce
896 3465 1008 3525 refulsit

309 3558 399 3617 Alma
412 3576 527 3635 parens,
543 3559 681 3619 confessa
695 3559 791 3633 deam,
809 3558 963 3636 qualisque
977 3558 1070 3621 videri

309 3649 470 3711 Coelicolis
484 3661 514 3710 et
528 3662 640 3728 quanta
653 3653 738 3725 solet,
754 3652 917 3729 dextraque
931 3651 1110 3729 prehensum

309 3742 474 3818 Continuit,
489 3763 634 3821 roseoque
648 3746 723 3805 haec
738 3744 858 3822 insuper
871 3744 986 3805 addidit
1000 3764 1069 3806 ore:

310 3838 397 3912 Nate,
412 3836 479 3915 quis
493 3837 654 3899 indomitas
669 3847 768 3898 tantus
783 3839 870 3928 dplor
885 3836 993 3899 excitat
1008 3837 1085 3902 iras?
1167 3915 1169 3919 y
