3017 4700
284 372 340 433 154
597 371 622 415 P.
645 371 779 416 VIRGILII
800 372 942 416 MARONIS

279 519 422 576 Vestrum
435 515 494 576 hoc
507 516 668 594 augurium,
684 525 843 594 vestroque
857 518 888 576 in
903 518 1023 578 numine
1037 519 1127 600 Troja
1139 531 1191 582 est
1230 537 1233 542 ·

281 609 367 670 Cedo
381 607 528 684 equidem,
544 628 608 683 nec,
624 619 701 682 nate,
716 604 771 668 tibi
785 629 886 669 comes
900 609 941 669 ire
955 629 1066 670 recuso.
1103 614 1112 632 ‘

322 702 444 760 Dixerat
458 701 526 775 ille;
547 712 577 761 et
595 703 657 778 jam
670 720 723 778 per
737 703 855 762 moenia
869 703 974 762 clarior
987 702 1065 780 ignis
1218 729 1253 766 70⁵

282 795 417 868 Auditur,
430 795 614 872 propiusque
628 807 728 854 aestus
742 794 882 855 incendia
895 796 1025 856 volvunt.

282 890 362 967 Ergo
376 906 439 966 age,
455 907 522 947 care
535 898 628 964 pater,
644 888 751 947 cervici
766 887 919 964 imponere
934 899 1052 950 nostrae
1067 914 1075 965 ;

282 984 353 1057 Ipse
368 981 474 1040 subibo
488 979 626 1053 humeris,
642 975 699 1039 nec
713 999 761 1039 me
776 981 860 1040 labor
874 981 930 1040 iste
944 983 1096 1060 gravabit,

203 1067 207 1075 ’
282 1073 352 1148 Quo
367 1092 414 1133 res
429 1092 556 1148 cumque
571 1073 689 1145 cadent,
704 1091 797 1131 unum
812 1083 841 1133 et
855 1092 1013 1134 commune
1027 1075 1178 1152 periclum,

282 1169 354 1227 Una
368 1167 455 1225 salus
463 1166 609 1225 ambobus
623 1165 687 1224 erit
730 1165 807 1224 Mihi
821 1186 929 1242 parvus
944 1169 1027 1228 Iulus
1220 1195 1257 1234 110

283 1261 328 1320 Sit
341 1279 451 1332 comes,
467 1268 497 1318 et
512 1259 600 1336 longe
616 1269 714 1318 servet
727 1259 851 1338 vestigia
865 1261 982 1336 conjux.

281 1355 354 1426 Vos,
370 1352 481 1425 famuli,
497 1371 574 1427 quae
588 1352 695 1425 dicam,
711 1352 816 1412 animis
831 1353 974 1414 advertite
988 1355 1100 1416 vestris.

283 1448 337 1506 Est
351 1446 424 1504 urbe
439 1445 566 1522 egressis
580 1445 711 1504 tumulus
726 1446 928 1522 templumque
942 1457 1090 1508 vetustum

283 1541 428 1597 Desertae
444 1537 570 1610 Cereris,
589 1538 731 1616 juxtaque
746 1538 868 1615 antiqua
882 1558 1040 1616 cupressus

283 1631 442 1708 Religione
456 1639 573 1706 patmm
587 1631 697 1691 multos
711 1641 828 1692 servata
841 1650 895 1708 per
909 1651 1013 1692 annos.

283 1725 375 1782 Hanc
389 1742 426 1782 ex
439 1723 555 1782 diverso
570 1722 673 1784 sedem
687 1724 841 1808 veniemus
855 1725 886 1782 in
900 1743 997 1784 unam.

282 1818 339 1890 Tu,
354 1816 478 1894 genitor,
495 1835 568 1893 cape
583 1836 667 1876 saera
680 1837 770 1876 manu
784 1818 955 1894 patriosque
971 1821 1120 1896 Penates3

283 1911 345 1982 Me,
361 1909 442 1968 bello
457 1928 473 1968 e
489 1919 571 1969 tanto
586 1911 750 1988 digressum
766 1921 796 1970 et
810 1911 901 1970 caede
916 1911 1035 1986 recenti,

283 2005 450 2062 Attrectare
465 2003 557 2076 nefas,
573 2003 670 2062 donec
684 2022 732 2062 me
746 2002 867 2062 flumine
881 2001 963 2072 vivo,

283 2096 424 2155 Abluer0.
906 2155 909 2158 .

323 2191 410 2248 Haec
424 2188 510 2263 fatus,
526 2189 602 2248 latos
615 2189 757 2249 humeros
771 2189 963 2268 subjectaque
977 2189 1055 2250 colla

281 2283 375 2342 Veste
389 2301 479 2360 super
492 2282 623 2359 fulvique
637 2282 786 2342 insternor
798 2282 877 2360 pelle
892 2283 995 2357 leonis,

283 2377 478 2453 Succedoque
492 2376 575 2436 oneri
587 2399 596 2450 3
617 2376 738 2435 dextrae
752 2394 784 2435 se
799 2395 908 2451 parvus
922 2377 1005 2437 Iulus

282 2468 433 2546 Implicuit
446 2470 637 2545 sequiturque
651 2479 766 2545 patrem
780 2487 841 2527 non
855 2469 992 2545 passibus
1007 2470 1109 2546 aequis
1122 2492 1131 2545 3

194 2609 197 2616 .
282 2565 366 2623 Pone
380 2561 459 2622 subit
473 2562 589 2639 conjure
633 2560 767 2620 Ferimur
779 2580 833 2637 per
845 2580 940 2637 opaca
953 2562 1106 2639 locorum3

282 2657 321 2714 Et
335 2674 392 2728 me,
408 2673 497 2730 quem
512 2654 624 2713 dudum
639 2673 699 2713 non
713 2654 774 2713 ulla
788 2652 897 2732 injecta
911 2654 1072 2715 movebant

280 2748 356 2807 Tela
370 2766 467 2823 neque
483 2747 610 2805 adverso
623 2744 778 2823 glomerati
793 2765 830 2805 ex
843 2747 960 2825 agmine
975 2747 1066 2821 Graii,

281 2845 370 2902 Nunc
384 2861 489 2901 omnes
504 2850 615 2900 terrent
629 2836 726 2913 aurae,
741 2860 833 2900 sonus
848 2841 956 2901 excitat
970 2843 1067 2902 omnis
1185 2908 1186 2911 Ἴ

282 2937 465 3012 Suspensum
479 2944 509 2994 et
521 2932 631 3011 pariter
644 2934 805 3010 comitique
819 2934 961 3011 onerique
975 2936 1162 3023 timentem!

319 3031 446 3105 Jamque
460 3027 695 3106 propinquabam
709 3027 811 3104 portis,
827 3046 1006 3105 omnemque
1020 3029 1143 3089 videbar

281 3121 419 3181 Evasisse
433 3120 519 3194 viam,
535 3120 633 3180 subito
647 3140 715 3181 cum
730 3121 835 3180 creber
848 3121 887 3180 ad
901 3140 985 3181 aures

279 3215 371 3273 Visus
385 3215 491 3273 adesse
506 3213 617 3290 pedum
631 3214 754 3286 sonitus,
770 3214 946 3291 genitorque
960 3234 1014 3291 per
1026 3215 1161 3275 umbram

280 3307 479 3383 Prospiciens,
496 3309 587 3387 Nate,
598 3307 751 3379 exclamat,
768 3307 843 3383 fuge,
859 3316 947 3381 nate3
967 3308 1175 3385 propinquant

280 3398 431 3457 Ardentes
446 3397 559 3474 clipeos
574 3387 662 3473 atque
678 3416 747 3457 aera
760 3397 900 3457 micantia
913 3416 1012 3457 cem0.

280 3490 343 3550 Hic
357 3490 429 3548 mihi
443 3490 546 3549 nescio
561 3490 642 3566 quod
656 3490 773 3567 trepido
788 3492 865 3550 male
878 3510 990 3565 ,numen
1005 3490 1131 3551 amictun
1220 3516 1256 3555 7³⁵

280 3583 445 3645 Confusam
459 3583 565 3661 eripuit
579 3593 718 3644 mentem.
763 3586 901 3660 Namque
916 3584 981 3643 avia
995 3604 1083 3645 cursu

280 3680 362 3736 Dum
376 3691 484 3753 sequor
498 3686 528 3737 et
542 3688 613 3737 nota
627 3678 741 3737 excedo
754 3676 874 3755 regione
887 3676 1013 3749 viarum,¹

280 3759 372 3828 Heu!
394 3768 502 3828 misero
516 3769 631 3848 conjux.
638 3768 739 3829 fatone
754 3776 856 3845 erepta
871 3767 985 3827 Creusa
