3017 4700
586 431 744 477 AENEIDOS
766 433 824 476 LlB.
849 433 881 476 11.

248 580 488 658 Praecipitesque
502 578 590 638 trahit
604 578 703 652 silvas,
719 588 820 656 stupet
833 577 943 638 inscius
957 577 1020 638 alto

246 673 410 750 Accipiens
424 671 555 732 sonitum
570 671 632 730 saxi
647 670 684 730 de
698 671 809 731 vertice
822 681 931 749 pastor.

247 767 327 825 Tum
340 784 412 824 vero
427 763 584 824 manifesta
598 764 682 837 fides,
699 765 897 842 Danaumque
910 771 1069 841 patescunt

248 857 389 918 Insidiae.
432 858 498 934 Jam
515 835 667 934 Deipliobi
682 857 765 917 dedit
779 858 877 934 ampla
891 856 1005 916 ruinam
1190 881 1227 919 3¹0

247 949 385 1008 Vulcano
400 955 559 1024 superante
573 946 689 1019 domus,
702 947 765 1025 jam
779 948 930 1024 proximus
944 947 1029 1007 ardet
1257 955 1260 962 '

248 1021 405 1118 Ucal‘egon
418 1063 427 1115 3
448 1039 535 1118 Sigea
547 1040 610 1118 igni
623 1040 699 1099 freta
712 1039 773 1099 lata
786 1040 943 1100 relucenti

248 1134 387 1193 Exoritur
400 1133 570 1210 clamorque
584 1133 679 1193 virum
693 1133 874 1211 clangorque
887 1134 1030 1193 tubarum.

248 1229 343 1286 Arma
356 1245 460 1286 amens
474 1226 581 1302 capio,
602 1245 658 1284 uec
672 1236 718 1285 sat
731 1227 854 1289 rationis
868 1227 899 1284 in
913 1226 1019 1300 armis3

249 1320 310 1380 Sed
323 1319 487 1398 glomerare
503 1338 623 1378 manum
637 1318 718 1378 bello
732 1327 763 1378 et
776 1337 951 1400 congurrere
966 1319 996 1376 in
1011 1337 1109 1378 arcem
1190 1347 1226 1384 ³15

248 1415 326 1474 Cum
342 1411 432 1472 sociis
446 1411 551 1471 ardent
565 1410 676 1485 animi;
696 1412 776 1471 furor
791 1412 891 1488 iraque
906 1421 1037 1472 mentem

249 1505 458 1582 Praecipitant,
472 1505 689 1581 pulcbmmque
703 1505 778 1565 mori
793 1506 934 1565 succurrit
949 1505 979 1564 in
994 1505 1091 1565 armis.

290 1600 369 1658 Ecce
383 1606 483 1656 autem
497 1597 565 1656 telis
580 1598 713 1656 Panthus
727 1598 847 1674 elapsus
861 1599 1019 1672 Achivum,

249 1691 383 1750 Panthus
398 1690 575 1768 Othryades,
591 1689 668 1750 arcis
683 1690 856 1768 Phoebique
871 1691 1020 1764 sacerdos,

251 1785 340 1844 Sacra
354 1802 445 1842 manu
459 1782 614 1858 victosque
628 1783 702 1842 deos
716 1802 901 1860 parvumque
915 1795 1057 1861 nepotem
1191 1811 1228 1850 μυ

251 1877 322 1953 Ipse
337 1874 432 1949 trahit,
448 1894 595 1951 cursuque
609 1894 713 1935 amens
727 1876 766 1934 ad
780 1876 883 1935 limina
897 1878 1000 1937 tendit.

251 1968 321 2042 Quo
335 1986 382 2027 res
396 1986 511 2027 summa
524 1968 601 2040 loco,
618 1968 754 2028 Panthu?
776 1986 865 2045 quam
878 1969 1053 2046 prendimus
1068 1971 1187 2030 arcem?

251 2061 311 2119 Vix
324 2079 361 2120 ea
374 2061 450 2120 satus
465 2079 554 2133 eram,
569 2058 683 2138 gemitu
696 2078 788 2136 quum
802 2060 872 2119 talia
885 2062 982 2121 reddit
995 2083 1001 2120 :

252 2153 345 2213 Venit
359 2172 475 2213 summa
489 2151 553 2211 dies
565 2162 597 2211 et
610 2152 800 2212 ineluctabile
814 2162 932 2229 tempus

253 2246 431 2305 Dardaniae.
474 2245 595 2304 Fuimus
609 2247 713 2317 Troes,
729 2244 784 2304 fuit
798 2245 893 2305 Ilium·
902 2256 932 2304 et
946 2246 1051 2324 ingens
1192 2275 1229 2313 325

253 2340 357 2402 Gloria
370 2341 551 2398 Teucrorum
563 2360 572 2414 3
591 2337 671 2399 serus
685 2338 786 2405 omnia
798 2338 935 2416 Juppiter
951 2341 1049 2418 Argos
1214 2325 1218 2335 ¹

253 2433 436 2494 Transtulit:
457 2432 579 2491 incensa
594 2430 692 2491 Danai
705 2432 896 2491 dominantur
909 2432 940 2491 in
954 2433 1034 2493 urbe.

212 2510 253 2597 s
253 2528 373 2587 Arduus
387 2534 517 2584 armatos
531 2524 637 2584 mediis
651 2524 682 2583 in
696 2526 854 2585 moenibus
868 2526 991 2585 adstans
1053 2524 1058 2531 ’

201 2603 207 2613 ’
255 2618 366 2679 Fundit
380 2636 482 2694 equus,
498 2616 651 2694 victorque
664 2618 757 2678 Sinon
769 2618 908 2677 incendia
921 2619 1028 2679 miscet

255 2713 417 2773 Insultans.
461 2709 559 2769 Portis
573 2710 623 2768 alii
637 2711 840 2787 bipatentibus
854 2712 972 2784 adsunt,
1195 2736 1233 2774 ³³0

255 2806 342 2866 Milia
356 2813 429 2882 quot
442 2802 557 2879 magnis
570 2822 711 2879 umquam
725 2823 833 2863 venere
849 2804 1006 2883 Mycenis;

256 2898 412 2962 Obsedere
426 2894 477 2953 alii
491 2893 558 2953 telis
571 2904 696 2971 angusta
709 2896 822 2955 viarum

256 2989 416 3069 Oppositi3
437 2995 496 3045 stat
509 2985 577 3044 ferri
591 2985 671 3046 acies
686 3006 828 3047 mucrone
842 3007 966 3049 corusco

258 3085 374 3155 Stricta,
390 3088 492 3157 parata
505 3077 572 3136 neci
584 3099 593 3151 ;
613 3078 663 3137 vix
675 3080 763 3155 primi
777 3080 890 3157 proelia
902 3090 1020 3141 tentant

257 3181 413 3239 Portarum
426 3170 539 3249 vigiles,
555 3180 586 3229 et
599 3189 689 3231 caeco
704 3174 802 3231 Marte
816 3173 983 3234 resistunt*
1005 3202 1008 3212 =
1197 3200 1234 3239 ³³⁵

257 3270 382 3331 Talibus
396 3263 568 3342 Othryadae
581 3262 670 3322 dietis
684 3273 715 3323 et
727 3265 849 3325 numine
863 3266 965 3326 divum

258 3368 296 3424 In
311 3364 445 3421 flammas
459 3367 489 3418 et
503 3357 534 3416 in
548 3375 628 3416 arma
641 3356 728 3430 feror,
745 3377 805 3433 quo
820 3360 911 3420 tristis
927 3361 1062 3439 Erinnys,

258 3458 329 3531 Quo
343 3452 477 3513 fremitus
490 3445 580 3509 vocat
592 3458 623 3507 et
636 3448 771 3509 sublatus
786 3452 824 3510 ad
838 3454 960 3512 aethera
973 3455 1093 3514 clamor.

258 3548 385 3608 Addunt
399 3563 433 3605 se
446 3542 545 3603 socios
561 3541 697 3617 Rhipeus
711 3552 742 3601 et
755 3542 900 3604 maximus
913 3545 1003 3605 annis

261 3644 386 3719 EpytuS,
402 3634 496 3697 oblati
508 3652 562 3711 per
574 3635 684 3707 lunam,
701 3636 900 3713 Hypanisque
915 3640 1096 3717 Dymasque,
1198 3666 1236 3704 ψ

261 3736 300 3793 Et
314 3728 398 3791 lateri
412 3729 479 3807 aggl
500 3736 616 3785 merant
628 3736 739 3800 nostro,
752 3729 930 3805 juvenisque
945 3731 1107 3804 Coroebus,

261 3747 499 3918 Mygdonides?
516 3819 581 3879 Illis
595 3817 634 3878 ad
647 3820 770 3896 Trojam
784 3820 859 3881 sorte
873 3821 979 3883 diebus
