<?xml version="1.0" encoding="UTF-8"?>
<!DOCTYPE html PUBLIC "-//W3C//DTD XHTML 1.0 Transitional//EN"
    "http://www.w3.org/TR/xhtml1/DTD/xhtml1-transitional.dtd">
<html xmlns="http://www.w3.org/1999/xhtml" xml:lang="en" lang="en">
 <head>
  <title>
</title>
<meta http-equiv="Content-Type" content="text/html;charset=utf-8" />
  <meta name='ocr-system' content='tesseract 3.04.00' />
  <meta name='ocr-capabilities' content='ocr_page ocr_carea ocr_par ocr_line ocrx_word'/>
</head>
<body>
  <div class='ocr_page' id='page_1' title='image "./selectionsfromo01virggoog_0123.png"; bbox 0 0 3017 4700; ppageno 0'>
   <div class='ocr_carea' id='block_1_1' title="bbox 556 481 1199 526">
    <p class='ocr_par' dir='ltr' id='par_1_1' title="bbox 556 481 1199 526">
     <span class='ocr_line' id='line_1_1' title="bbox 556 481 1199 526; baseline -0.003 0"><span class='ocrx_word' id='word_1_1' title='bbox 556 481 736 526; x_wconf 79' lang='lat' dir='ltr'>GEORGICON</span> <span class='ocrx_word' id='word_1_2' title='bbox 758 481 817 526; x_wconf 81' lang='lat' dir='ltr'><strong>ma.</strong></span> <span class='ocrx_word' id='word_1_3' title='bbox 841 481 872 526; x_wconf 87' lang='lat'><strong>11.</strong></span> <span class='ocrx_word' id='word_1_4' title='bbox 1147 485 1199 526; x_wconf 88' lang='lat'><strong>111</strong></span> 
     </span>
    </p>
   </div>
   <div class='ocr_carea' id='block_1_2' title="bbox 232 626 1223 2474">
    <p class='ocr_par' dir='ltr' id='par_1_2' title="bbox 233 626 1223 984">
     <span class='ocr_line' id='line_1_2' title="bbox 237 626 1027 704; baseline -0.009 -11"><span class='ocrx_word' id='word_1_5' title='bbox 237 631 327 693; x_wconf 87' lang='lat' dir='ltr'>Unde</span> <span class='ocrx_word' id='word_1_6' title='bbox 341 641 450 691; x_wconf 89' lang='lat' dir='ltr'><strong>tremor</strong></span> <span class='ocrx_word' id='word_1_7' title='bbox 463 627 552 701; x_wconf 82' lang='lat' dir='ltr'><strong>terris,</strong></span> <span class='ocrx_word' id='word_1_8' title='bbox 568 647 627 704; x_wconf 86' lang='lat' dir='ltr'><strong>qua</strong></span> <span class='ocrx_word' id='word_1_9' title='bbox 640 626 669 687; x_wconf 87' lang='lat' dir='ltr'><strong>vi</strong></span> <span class='ocrx_word' id='word_1_10' title='bbox 682 626 775 688; x_wconf 85' lang='lat' dir='ltr'><strong>man‘a</strong></span> <span class='ocrx_word' id='word_1_11' title='bbox 788 627 848 688; x_wconf 92' lang='lat' dir='ltr'><strong>alta</strong></span> <span class='ocrx_word' id='word_1_12' title='bbox 861 636 1027 687; x_wconf 84' lang='lat' dir='ltr'><strong>tumescant</strong></span> 
     </span>
     <span class='ocr_line' id='line_1_3' title="bbox 234 719 1223 802; baseline -0.01 -16"><span class='ocrx_word' id='word_1_13' title='bbox 234 723 387 802; x_wconf 86' lang='lat' dir='ltr'><strong>Objicibus</strong></span> <span class='ocrx_word' id='word_1_14' title='bbox 401 721 495 800; x_wconf 86' lang='lat' dir='ltr'><strong>ruptis</strong></span> <span class='ocrx_word' id='word_1_15' title='bbox 508 719 709 798; x_wconf 86' lang='lat' dir='ltr'><strong>mrsusquein</strong></span> <span class='ocrx_word' id='word_1_16' title='bbox 724 739 756 780; x_wconf 91' lang='lat' dir='ltr'><strong>se</strong></span> <span class='ocrx_word' id='word_1_17' title='bbox 770 720 835 798; x_wconf 91' lang='lat' dir='ltr'><strong>ipsa</strong></span> <span class='ocrx_word' id='word_1_18' title='bbox 848 720 986 794; x_wconf 87' lang='lat' dir='ltr'><strong>residant,</strong></span> <span class='ocrx_word' id='word_1_19' title='bbox 1165 737 1223 792; x_wconf 75' lang='lat'><strong>480¹</strong></span> 
     </span>
     <span class='ocr_line' id='line_1_4' title="bbox 233 813 1038 894; baseline -0.005 -16"><span class='ocrx_word' id='word_1_20' title='bbox 233 818 313 894; x_wconf 89' lang='lat' dir='ltr'>Quid</span> <span class='ocrx_word' id='word_1_21' title='bbox 327 826 442 876; x_wconf 89' lang='lat' dir='ltr'><strong>tantum</strong></span> <span class='ocrx_word' id='word_1_22' title='bbox 456 817 580 876; x_wconf 87' lang='lat' dir='ltr'>Oceano</span> <span class='ocrx_word' id='word_1_23' title='bbox 594 825 753 891; x_wconf 86' lang='lat' dir='ltr'>properent</span> <span class='ocrx_word' id='word_1_24' title='bbox 767 832 799 874; x_wconf 89' lang='lat' dir='ltr'><strong>se</strong></span> <span class='ocrx_word' id='word_1_25' title='bbox 813 813 944 890; x_wconf 88' lang='lat' dir='ltr'><strong>tinguere</strong></span> <span class='ocrx_word' id='word_1_26' title='bbox 959 813 1038 874; x_wconf 87' lang='lat' dir='ltr'><strong>soles</strong></span> 
     </span>
     <span class='ocr_line' id='line_1_5' title="bbox 233 905 997 984; baseline -0.007 -14"><span class='ocrx_word' id='word_1_27' title='bbox 233 910 370 983; x_wconf 88' lang='lat' dir='ltr'><strong>Hibemi,</strong></span> <span class='ocrx_word' id='word_1_28' title='bbox 385 909 432 970; x_wconf 90' lang='lat' dir='ltr'><strong>vel</strong></span> <span class='ocrx_word' id='word_1_29' title='bbox 446 926 523 984; x_wconf 89' lang='lat' dir='ltr'><strong>quae</strong></span> <span class='ocrx_word' id='word_1_30' title='bbox 536 907 627 968; x_wconf 87' lang='lat' dir='ltr'><strong>tardis</strong></span> <span class='ocrx_word' id='word_1_31' title='bbox 641 926 726 968; x_wconf 87' lang='lat' dir='ltr'><strong>mora</strong></span> <span class='ocrx_word' id='word_1_32' title='bbox 739 905 877 966; x_wconf 90' lang='lat' dir='ltr'><strong>noctibus</strong></span> <span class='ocrx_word' id='word_1_33' title='bbox 891 908 997 967; x_wconf 89' lang='lat' dir='ltr'><strong>obstet.</strong></span> 
     </span>
    </p>

    <p class='ocr_par' dir='ltr' id='par_1_3' title="bbox 232 999 977 1173">
     <span class='ocr_line' id='line_1_6' title="bbox 232 999 975 1078; baseline -0.007 -14"><span class='ocrx_word' id='word_1_34' title='bbox 232 1004 291 1077; x_wconf 90' lang='lat' dir='ltr'>Sin,</span> <span class='ocrx_word' id='word_1_35' title='bbox 306 1003 362 1062; x_wconf 88' lang='lat' dir='ltr'><strong>has</strong></span> <span class='ocrx_word' id='word_1_36' title='bbox 375 1021 413 1061; x_wconf 90' lang='lat' dir='ltr'><strong>ne</strong></span> <span class='ocrx_word' id='word_1_37' title='bbox 427 999 539 1078; x_wconf 90' lang='lat' dir='ltr'><strong>possim</strong></span> <span class='ocrx_word' id='word_1_38' title='bbox 553 1011 674 1060; x_wconf 90' lang='lat' dir='ltr'><strong>naturae</strong></span> <span class='ocrx_word' id='word_1_39' title='bbox 687 1000 830 1060; x_wconf 82' lang='lat' dir='ltr'>accedere</span> <span class='ocrx_word' id='word_1_40' title='bbox 843 1010 951 1076; x_wconf 91' lang='lat' dir='ltr'><strong>partes,</strong></span> <span class='ocrx_word' id='word_1_41' title='bbox 973 1041 975 1046; x_wconf 79' lang='lat'><em>.</em></span> 
     </span>
     <span class='ocr_line' id='line_1_7' title="bbox 233 1091 977 1173; baseline -0.005 -17"><span class='ocrx_word' id='word_1_42' title='bbox 233 1095 367 1173; x_wconf 87' lang='lat' dir='ltr'><strong>Frigidus</strong></span> <span class='ocrx_word' id='word_1_43' title='bbox 381 1093 526 1154; x_wconf 90' lang='lat' dir='ltr'><strong>obstiterit</strong></span> <span class='ocrx_word' id='word_1_44' title='bbox 540 1093 650 1154; x_wconf 90' lang='lat' dir='ltr'><strong>circum</strong></span> <span class='ocrx_word' id='word_1_45' title='bbox 664 1092 837 1170; x_wconf 88' lang='lat' dir='ltr'><strong>praecordia</strong></span> <span class='ocrx_word' id='word_1_46' title='bbox 851 1091 977 1168; x_wconf 90' lang='lat' dir='ltr'><strong>sanguis,</strong></span> 
     </span>
    </p>

    <p class='ocr_par' dir='ltr' id='par_1_4' title="bbox 232 1185 1062 1636">
     <span class='ocr_line' id='line_1_8' title="bbox 234 1185 1005 1264; baseline -0.004 -17"><span class='ocrx_word' id='word_1_47' title='bbox 234 1191 317 1248; x_wconf 91' lang='lat' dir='ltr'><strong>Rura</strong></span> <span class='ocrx_word' id='word_1_48' title='bbox 330 1187 402 1246; x_wconf 94' lang='lat' dir='ltr'><strong>mihi</strong></span> <span class='ocrx_word' id='word_1_49' title='bbox 416 1197 446 1247; x_wconf 91' lang='lat' dir='ltr'><strong>et</strong></span> <span class='ocrx_word' id='word_1_50' title='bbox 460 1185 533 1264; x_wconf 87' lang='lat' dir='ltr'><strong>rigni</strong></span> <span class='ocrx_word' id='word_1_51' title='bbox 546 1188 684 1264; x_wconf 82' lang='lat' dir='ltr'><strong>placeant</strong></span> <span class='ocrx_word' id='word_1_52' title='bbox 698 1186 729 1244; x_wconf 90' lang='lat' dir='ltr'><strong>in</strong></span> <span class='ocrx_word' id='word_1_53' title='bbox 742 1185 868 1245; x_wconf 89' lang='lat' dir='ltr'><strong>vallibus</strong></span> <span class='ocrx_word' id='word_1_54' title='bbox 883 1203 1005 1259; x_wconf 84' lang='lat' dir='ltr'><strong>amnes;</strong></span> 
     </span>
     <span class='ocr_line' id='line_1_9' title="bbox 233 1277 1062 1355; baseline -0.005 -15"><span class='ocrx_word' id='word_1_55' title='bbox 233 1280 369 1340; x_wconf 91' lang='lat' dir='ltr'><strong>Flumina</strong></span> <span class='ocrx_word' id='word_1_56' title='bbox 382 1299 479 1340; x_wconf 90' lang='lat' dir='ltr'><strong>amem</strong></span> <span class='ocrx_word' id='word_1_57' title='bbox 493 1279 640 1355; x_wconf 86' lang='lat' dir='ltr'><strong>silvasque</strong></span> <span class='ocrx_word' id='word_1_58' title='bbox 654 1278 803 1355; x_wconf 88' lang='lat' dir='ltr'><strong>inglorius.</strong></span> <span class='ocrx_word' id='word_1_59' title='bbox 846 1278 883 1350; x_wconf 92' lang='lat' dir='ltr'><strong>O,</strong></span> <span class='ocrx_word' id='word_1_60' title='bbox 898 1277 950 1336; x_wconf 93' lang='lat' dir='ltr'><strong>ubi</strong></span> <span class='ocrx_word' id='word_1_61' title='bbox 964 1277 1062 1355; x_wconf 92' lang='lat' dir='ltr'><strong>campi</strong></span> 
     </span>
     <span class='ocr_line' id='line_1_10' title="bbox 233 1370 1002 1452; baseline -0.007 -18"><span class='ocrx_word' id='word_1_62' title='bbox 233 1375 463 1452; x_wconf 88' lang='lat' dir='ltr'>Spercheusque,</span> <span class='ocrx_word' id='word_1_63' title='bbox 479 1382 509 1433; x_wconf 90' lang='lat' dir='ltr'><strong>et</strong></span> <span class='ocrx_word' id='word_1_64' title='bbox 523 1370 684 1448; x_wconf 90' lang='lat' dir='ltr'><strong>virginibus</strong></span> <span class='ocrx_word' id='word_1_65' title='bbox 696 1372 841 1431; x_wconf 80' lang='lat' dir='ltr'><strong>bacchata</strong></span> <span class='ocrx_word' id='word_1_66' title='bbox 859 1370 1002 1430; x_wconf 83' lang='lat' dir='ltr'><strong>Lacaenis</strong></span> 
     </span>
     <span class='ocr_line' id='line_1_11' title="bbox 232 1462 1002 1546; baseline -0.005 -20"><span class='ocrx_word' id='word_1_67' title='bbox 232 1469 381 1546; x_wconf 87' lang='lat' dir='ltr'><strong>Taygeta!</strong></span> <span class='ocrx_word' id='word_1_68' title='bbox 403 1485 430 1539; x_wconf 92' lang='lat' dir='ltr'><strong>o,</strong></span> <span class='ocrx_word' id='word_1_69' title='bbox 446 1465 496 1542; x_wconf 91' lang='lat' dir='ltr'><strong>qui</strong></span> <span class='ocrx_word' id='word_1_70' title='bbox 511 1484 559 1525; x_wconf 90' lang='lat' dir='ltr'><strong>me</strong></span> <span class='ocrx_word' id='word_1_71' title='bbox 572 1464 678 1542; x_wconf 83' lang='lat' dir='ltr'><strong>gelidis</strong></span> <span class='ocrx_word' id='word_1_72' title='bbox 692 1463 876 1524; x_wconf 89' lang='lat' dir='ltr'><strong>convallibus</strong></span> <span class='ocrx_word' id='word_1_73' title='bbox 891 1462 1002 1524; x_wconf 86' lang='lat' dir='ltr'>Haemi</span> 
     </span>
     <span class='ocr_line' id='line_1_12' title="bbox 232 1557 945 1636; baseline -0.007 -16"><span class='ocrx_word' id='word_1_74' title='bbox 232 1560 329 1634; x_wconf 91' lang='lat' dir='ltr'><strong>Sistat,</strong></span> <span class='ocrx_word' id='word_1_75' title='bbox 344 1570 374 1620; x_wconf 92' lang='lat' dir='ltr'><strong>et</strong></span> <span class='ocrx_word' id='word_1_76' title='bbox 388 1557 499 1636; x_wconf 84' lang='lat' dir='ltr'><strong>ingenti</strong></span> <span class='ocrx_word' id='word_1_77' title='bbox 513 1576 660 1619; x_wconf 88' lang='lat' dir='ltr'><strong>ramorum</strong></span> <span class='ocrx_word' id='word_1_78' title='bbox 673 1568 809 1634; x_wconf 87' lang='lat' dir='ltr'><strong>protegat</strong></span> <span class='ocrx_word' id='word_1_79' title='bbox 822 1558 945 1616; x_wconf 90' lang='lat' dir='ltr'><strong>umbra!</strong></span> 
     </span>
    </p>

    <p class='ocr_par' dir='ltr' id='par_1_5' title="bbox 233 1651 945 1730">
     <span class='ocr_line' id='line_1_13' title="bbox 233 1651 945 1730; baseline -0.006 -17"><span class='ocrx_word' id='word_1_80' title='bbox 233 1654 324 1727; x_wconf 84' lang='lat' dir='ltr'><strong>Felix,</strong></span> <span class='ocrx_word' id='word_1_81' title='bbox 340 1652 390 1729; x_wconf 91' lang='lat' dir='ltr'><strong>qui</strong></span> <span class='ocrx_word' id='word_1_82' title='bbox 405 1651 501 1730; x_wconf 90' lang='lat' dir='ltr'><strong>potuit</strong></span> <span class='ocrx_word' id='word_1_83' title='bbox 514 1669 610 1711; x_wconf 91' lang='lat' dir='ltr'><strong>rerum</strong></span> <span class='ocrx_word' id='word_1_84' title='bbox 624 1669 804 1728; x_wconf 85' lang='lat' dir='ltr'><strong>cognoscere</strong></span> <span class='ocrx_word' id='word_1_85' title='bbox 818 1669 945 1723; x_wconf 83' lang='lat' dir='ltr'><strong>caussas,</strong></span> 
     </span>
    </p>

    <p class='ocr_par' dir='ltr' id='par_1_6' title="bbox 232 1733 1033 2012">
     <span class='ocr_line' id='line_1_14' title="bbox 232 1733 990 1824; baseline -0.008 -17"><span class='ocrx_word' id='word_1_86' title='bbox 232 1733 332 1824; x_wconf 83' lang='lat' dir='ltr'><strong>Atque</strong></span> <span class='ocrx_word' id='word_1_87' title='bbox 346 1756 442 1806; x_wconf 88' lang='lat' dir='ltr'><strong>metus</strong></span> <span class='ocrx_word' id='word_1_88' title='bbox 456 1763 560 1805; x_wconf 90' lang='lat' dir='ltr'><strong>omnes</strong></span> <span class='ocrx_word' id='word_1_89' title='bbox 573 1754 604 1804; x_wconf 90' lang='lat' dir='ltr'><strong>et</strong></span> <span class='ocrx_word' id='word_1_90' title='bbox 618 1743 799 1804; x_wconf 83' lang='lat' dir='ltr'><strong>inexorabile</strong></span> <span class='ocrx_word' id='word_1_91' title='bbox 813 1744 905 1806; x_wconf 88' lang='lat' dir='ltr'><strong>fatum</strong></span> <span class='ocrx_word' id='word_1_92' title='bbox 987 1758 990 1768; x_wconf 75' lang='lat'>¹</span> 
     </span>
     <span class='ocr_line' id='line_1_15' title="bbox 232 1834 1033 1919; baseline -0.007 -18"><span class='ocrx_word' id='word_1_93' title='bbox 232 1839 363 1919; x_wconf 89' lang='lat' dir='ltr'><strong>Subjecit</strong></span> <span class='ocrx_word' id='word_1_94' title='bbox 376 1837 503 1916; x_wconf 88' lang='lat' dir='ltr'><strong>pedibus</strong></span> <span class='ocrx_word' id='word_1_95' title='bbox 516 1836 730 1914; x_wconf 87' lang='lat' dir='ltr'><strong>strepitumque</strong></span> <span class='ocrx_word' id='word_1_96' title='bbox 745 1835 924 1897; x_wconf 89' lang='lat' dir='ltr'><strong>Acherontis</strong></span> <span class='ocrx_word' id='word_1_97' title='bbox 938 1834 1016 1895; x_wconf 87' lang='lat' dir='ltr'><strong>avari</strong></span> <span class='ocrx_word' id='word_1_98' title='bbox 1027 1839 1033 1896; x_wconf 95' lang='lat' dir='ltr'><strong>l</strong></span> 
     </span>
     <span class='ocr_line' id='line_1_16' title="bbox 233 1929 929 2012; baseline -0.006 -20"><span class='ocrx_word' id='word_1_99' title='bbox 233 1936 410 2012; x_wconf 70' lang='lat' dir='ltr'><strong>Fortunatus</strong></span> <span class='ocrx_word' id='word_1_100' title='bbox 425 1940 454 1990; x_wconf 92' lang='lat' dir='ltr'><strong>et</strong></span> <span class='ocrx_word' id='word_1_101' title='bbox 468 1930 526 2004; x_wconf 91' lang='lat' dir='ltr'><strong>ille,</strong></span> <span class='ocrx_word' id='word_1_102' title='bbox 542 1931 616 1990; x_wconf 92' lang='lat' dir='ltr'><strong>deos</strong></span> <span class='ocrx_word' id='word_1_103' title='bbox 630 1929 681 2006; x_wconf 91' lang='lat' dir='ltr'><strong>qui</strong></span> <span class='ocrx_word' id='word_1_104' title='bbox 695 1929 779 1988; x_wconf 91' lang='lat' dir='ltr'><strong>novit</strong></span> <span class='ocrx_word' id='word_1_105' title='bbox 793 1939 929 2006; x_wconf 87' lang='lat' dir='ltr'><strong>agrestes,</strong></span> 
     </span>
    </p>

    <p class='ocr_par' dir='ltr' id='par_1_7' title="bbox 233 2023 1091 2194">
     <span class='ocr_line' id='line_1_17' title="bbox 233 2023 1091 2102; baseline -0.006 -16"><span class='ocrx_word' id='word_1_106' title='bbox 233 2029 373 2102; x_wconf 91' lang='lat' dir='ltr'><strong>Panaque</strong></span> <span class='ocrx_word' id='word_1_107' title='bbox 388 2024 597 2099; x_wconf 86' lang='lat' dir='ltr'><strong>Silvanumque</strong></span> <span class='ocrx_word' id='word_1_108' title='bbox 612 2041 714 2082; x_wconf 88' lang='lat' dir='ltr'><strong>senem</strong></span> <span class='ocrx_word' id='word_1_109' title='bbox 728 2023 943 2099; x_wconf 90' lang='lat' dir='ltr'><strong>Nymphasque</strong></span> <span class='ocrx_word' id='word_1_110' title='bbox 958 2025 1091 2090; x_wconf 86' lang='lat' dir='ltr'><strong>sorores!</strong></span> 
     </span>
     <span class='ocr_line' id='line_1_18' title="bbox 234 2116 964 2194; baseline -0.005 -16"><span class='ocrx_word' id='word_1_111' title='bbox 234 2121 322 2178; x_wconf 87' lang='lat' dir='ltr'><strong>illum</strong></span> <span class='ocrx_word' id='word_1_112' title='bbox 336 2137 397 2178; x_wconf 91' lang='lat' dir='ltr'><strong>non</strong></span> <span class='ocrx_word' id='word_1_113' title='bbox 411 2116 514 2194; x_wconf 90' lang='lat' dir='ltr'><strong>populi</strong></span> <span class='ocrx_word' id='word_1_114' title='bbox 528 2117 630 2190; x_wconf 80' lang='lat' dir='ltr'><strong>fasces,</strong></span> <span class='ocrx_word' id='word_1_115' title='bbox 645 2135 707 2174; x_wconf 91' lang='lat' dir='ltr'><strong>non</strong></span> <span class='ocrx_word' id='word_1_116' title='bbox 720 2133 849 2192; x_wconf 84' lang='lat' dir='ltr'><strong>purpura</strong></span> <span class='ocrx_word' id='word_1_117' title='bbox 863 2133 964 2191; x_wconf 90' lang='lat' dir='ltr'><strong>regum</strong></span> 
     </span>
    </p>

    <p class='ocr_par' dir='ltr' id='par_1_8' title="bbox 234 2207 907 2286">
     <span class='ocr_line' id='line_1_19' title="bbox 234 2207 907 2286; baseline -0.007 -15"><span class='ocrx_word' id='word_1_118' title='bbox 234 2212 328 2272; x_wconf 86' lang='lat' dir='ltr'><strong>Flexit</strong></span> <span class='ocrx_word' id='word_1_119' title='bbox 342 2220 371 2272; x_wconf 92' lang='lat' dir='ltr'><strong>et</strong></span> <span class='ocrx_word' id='word_1_120' title='bbox 385 2210 492 2270; x_wconf 90' lang='lat' dir='ltr'><strong>infidos</strong></span> <span class='ocrx_word' id='word_1_121' title='bbox 506 2209 621 2286; x_wconf 90' lang='lat' dir='ltr'><strong>agitans</strong></span> <span class='ocrx_word' id='word_1_122' title='bbox 635 2207 782 2268; x_wconf 90' lang='lat' dir='ltr'><strong>discordia</strong></span> <span class='ocrx_word' id='word_1_123' title='bbox 796 2208 907 2280; x_wconf 88' lang='lat' dir='ltr'><strong>fratres,</strong></span> 
     </span>
    </p>

    <p class='ocr_par' dir='ltr' id='par_1_9' title="bbox 234 2299 1018 2382">
     <span class='ocr_line' id='line_1_20' title="bbox 234 2299 1018 2382; baseline -0.005 -17"><span class='ocrx_word' id='word_1_124' title='bbox 234 2309 295 2367; x_wconf 87' lang='lat' dir='ltr'><strong>Aut</strong></span> <span class='ocrx_word' id='word_1_125' title='bbox 308 2307 461 2382; x_wconf 87' lang='lat' dir='ltr'><strong>conjurato</strong></span> <span class='ocrx_word' id='word_1_126' title='bbox 476 2303 661 2365; x_wconf 88' lang='lat' dir='ltr'><strong>descendens</strong></span> <span class='ocrx_word' id='word_1_127' title='bbox 677 2303 778 2362; x_wconf 89' lang='lat' dir='ltr'><strong>Dacus</strong></span> <span class='ocrx_word' id='word_1_128' title='bbox 792 2302 830 2361; x_wconf 94' lang='lat' dir='ltr'><strong>ab</strong></span> <span class='ocrx_word' id='word_1_129' title='bbox 846 2299 960 2375; x_wconf 90' lang='lat' dir='ltr'><strong>Histr0,</strong></span> <span class='ocrx_word' id='word_1_130' title='bbox 1016 2366 1018 2371; x_wconf 64' lang='grc'>,</span> 
     </span>
    </p>

    <p class='ocr_par' dir='ltr' id='par_1_10' title="bbox 234 2395 1040 2474">
     <span class='ocr_line' id='line_1_21' title="bbox 234 2395 1040 2474; baseline -0.005 -15"><span class='ocrx_word' id='word_1_131' title='bbox 234 2403 263 2459; x_wconf 95' lang='lat' dir='ltr'>N</span> <span class='ocrx_word' id='word_1_132' title='bbox 265 2419 304 2459; x_wconf 92' lang='lat' dir='ltr'><strong>on</strong></span> <span class='ocrx_word' id='word_1_133' title='bbox 318 2419 364 2459; x_wconf 91' lang='lat' dir='ltr'><strong>res</strong></span> <span class='ocrx_word' id='word_1_134' title='bbox 379 2401 534 2459; x_wconf 89' lang='lat' dir='ltr'><strong>Romanae</strong></span> <span class='ocrx_word' id='word_1_135' title='bbox 548 2396 734 2474; x_wconf 89' lang='lat' dir='ltr'><strong>perituraque</strong></span> <span class='ocrx_word' id='word_1_136' title='bbox 748 2414 857 2473; x_wconf 71' lang='lat' dir='ltr'><strong>regna,</strong></span> <span class='ocrx_word' id='word_1_137' title='bbox 878 2413 976 2472; x_wconf 89' lang='lat' dir='ltr'><strong>neque</strong></span> <span class='ocrx_word' id='word_1_138' title='bbox 990 2395 1040 2455; x_wconf 86' lang='lat' dir='ltr'><strong>ille</strong></span> 
     </span>
    </p>
   </div>
   <div class='ocr_carea' id='block_1_3' title="bbox 121 2488 1033 2567">
    <p class='ocr_par' dir='ltr' id='par_1_11' title="bbox 121 2488 1033 2567">
     <span class='ocr_line' id='line_1_22' title="bbox 121 2488 1033 2567; baseline -0.007 -13"><span class='ocrx_word' id='word_1_139' title='bbox 121 2530 124 2533; x_wconf 36' lang='lat'><strong>⁴</strong></span> <span class='ocrx_word' id='word_1_140' title='bbox 234 2496 295 2553; x_wconf 92' lang='lat' dir='ltr'><strong>Aut</strong></span> <span class='ocrx_word' id='word_1_141' title='bbox 309 2490 404 2553; x_wconf 91' lang='lat' dir='ltr'><strong>doluit</strong></span> <span class='ocrx_word' id='word_1_142' title='bbox 417 2490 560 2560; x_wconf 87' lang='lat' dir='ltr'><strong>miserans</strong></span> <span class='ocrx_word' id='word_1_143' title='bbox 574 2490 702 2567; x_wconf 89' lang='lat' dir='ltr'><strong>inopem,</strong></span> <span class='ocrx_word' id='word_1_144' title='bbox 719 2499 769 2549; x_wconf 93' lang='lat' dir='ltr'><strong>aut</strong></span> <span class='ocrx_word' id='word_1_145' title='bbox 783 2488 889 2549; x_wconf 91' lang='lat' dir='ltr'><strong>invidit</strong></span> <span class='ocrx_word' id='word_1_146' title='bbox 902 2488 1033 2549; x_wconf 89' lang='lat' dir='ltr'><strong>habenti.</strong></span> 
     </span>
    </p>
   </div>
   <div class='ocr_carea' id='block_1_4' title="bbox 234 2582 1204 3963">
    <p class='ocr_par' dir='ltr' id='par_1_12' title="bbox 234 2582 931 2662">
     <span class='ocr_line' id='line_1_23' title="bbox 234 2582 931 2662; baseline -0.004 -17"><span class='ocrx_word' id='word_1_147' title='bbox 234 2588 318 2662; x_wconf 89' lang='lat' dir='ltr'><strong>Quos</strong></span> <span class='ocrx_word' id='word_1_148' title='bbox 333 2584 405 2645; x_wconf 92' lang='lat' dir='ltr'><strong>rami</strong></span> <span class='ocrx_word' id='word_1_149' title='bbox 420 2586 538 2657; x_wconf 80' lang='lat' dir='ltr'><strong>fructus,</strong></span> <span class='ocrx_word' id='word_1_150' title='bbox 555 2602 630 2660; x_wconf 92' lang='lat' dir='ltr'><strong>quos</strong></span> <span class='ocrx_word' id='word_1_151' title='bbox 644 2582 708 2660; x_wconf 91' lang='lat' dir='ltr'><strong>ipsa</strong></span> <span class='ocrx_word' id='word_1_152' title='bbox 721 2582 851 2643; x_wconf 90' lang='lat' dir='ltr'><strong>volentia</strong></span> <span class='ocrx_word' id='word_1_153' title='bbox 864 2601 931 2642; x_wconf 88' lang='lat' dir='ltr'><strong>rura</strong></span> 
     </span>
    </p>

    <p class='ocr_par' dir='ltr' id='par_1_13' title="bbox 234 2676 978 2938">
     <span class='ocr_line' id='line_1_24' title="bbox 236 2676 919 2757; baseline -0.007 -17"><span class='ocrx_word' id='word_1_154' title='bbox 236 2681 349 2757; x_wconf 89' lang='lat' dir='ltr'><strong>Sponte</strong></span> <span class='ocrx_word' id='word_1_155' title='bbox 362 2677 454 2738; x_wconf 82' lang='lat' dir='ltr'><strong>tulere</strong></span> <span class='ocrx_word' id='word_1_156' title='bbox 468 2696 530 2751; x_wconf 87' lang='lat' dir='ltr'><strong>sua,</strong></span> <span class='ocrx_word' id='word_1_157' title='bbox 545 2676 662 2754; x_wconf 89' lang='lat' dir='ltr'><strong>carpsit,</strong></span> <span class='ocrx_word' id='word_1_158' title='bbox 678 2696 734 2737; x_wconf 88' lang='lat' dir='ltr'><strong>nec</strong></span> <span class='ocrx_word' id='word_1_159' title='bbox 748 2677 841 2737; x_wconf 86' lang='lat' dir='ltr'><strong>ferrea</strong></span> <span class='ocrx_word' id='word_1_160' title='bbox 853 2677 919 2753; x_wconf 87' lang='lat' dir='ltr'><strong>jura</strong></span> 
     </span>
     <span class='ocr_line' id='line_1_25' title="bbox 235 2766 978 2847; baseline -0.005 -15"><span class='ocrx_word' id='word_1_161' title='bbox 235 2775 436 2847; x_wconf 79' lang='lat' dir='ltr'><strong>Insanamque</strong></span> <span class='ocrx_word' id='word_1_162' title='bbox 450 2770 545 2829; x_wconf 80' lang='lat' dir='ltr'><strong>sonim</strong></span> <span class='ocrx_word' id='word_1_163' title='bbox 559 2780 610 2829; x_wconf 88' lang='lat' dir='ltr'><strong>aut</strong></span> <span class='ocrx_word' id='word_1_164' title='bbox 623 2768 726 2847; x_wconf 92' lang='lat' dir='ltr'><strong>populi</strong></span> <span class='ocrx_word' id='word_1_165' title='bbox 740 2769 884 2830; x_wconf 89' lang='lat' dir='ltr'><strong>tabularia</strong></span> <span class='ocrx_word' id='word_1_166' title='bbox 896 2766 978 2828; x_wconf 86' lang='lat' dir='ltr'><strong>vidit</strong></span> 
     </span>
     <span class='ocr_line' id='line_1_26' title="bbox 234 2862 923 2938; baseline -0.004 -12"><span class='ocrx_word' id='word_1_167' title='bbox 234 2865 398 2926; x_wconf 88' lang='lat' dir='ltr'><strong>Sollicitant</strong></span> <span class='ocrx_word' id='word_1_168' title='bbox 412 2862 462 2923; x_wconf 91' lang='lat' dir='ltr'><strong>alii</strong></span> <span class='ocrx_word' id='word_1_169' title='bbox 475 2862 563 2922; x_wconf 91' lang='lat' dir='ltr'><strong>remis</strong></span> <span class='ocrx_word' id='word_1_170' title='bbox 576 2862 651 2922; x_wconf 83' lang='lat' dir='ltr'><strong>freta</strong></span> <span class='ocrx_word' id='word_1_171' title='bbox 663 2882 762 2936; x_wconf 88' lang='lat' dir='ltr'><strong>caeca,</strong></span> <span class='ocrx_word' id='word_1_172' title='bbox 777 2873 923 2938; x_wconf 87' lang='lat' dir='ltr'><strong>ruuntque</strong></span> 
     </span>
    </p>

    <p class='ocr_par' dir='ltr' id='par_1_14' title="bbox 235 2956 961 3032">
     <span class='ocr_line' id='line_1_27' title="bbox 235 2956 961 3032; baseline -0.006 -15"><span class='ocrx_word' id='word_1_173' title='bbox 235 2961 271 3018; x_wconf 93' lang='lat' dir='ltr'><strong>In</strong></span> <span class='ocrx_word' id='word_1_174' title='bbox 286 2959 401 3031; x_wconf 88' lang='lat' dir='ltr'><strong>ferrum,</strong></span> <span class='ocrx_word' id='word_1_175' title='bbox 416 2965 571 3032; x_wconf 90' lang='lat' dir='ltr'><strong>penetrant</strong></span> <span class='ocrx_word' id='word_1_176' title='bbox 585 2957 666 3015; x_wconf 92' lang='lat' dir='ltr'><strong>aulas</strong></span> <span class='ocrx_word' id='word_1_177' title='bbox 680 2968 711 3015; x_wconf 91' lang='lat' dir='ltr'><strong>et</strong></span> <span class='ocrx_word' id='word_1_178' title='bbox 724 2956 828 3016; x_wconf 92' lang='lat' dir='ltr'><strong>limina</strong></span> <span class='ocrx_word' id='word_1_179' title='bbox 840 2974 961 3032; x_wconf 87' lang='lat' dir='ltr'><strong>regnm;</strong></span> 
     </span>
    </p>

    <p class='ocr_par' dir='ltr' id='par_1_15' title="bbox 235 3051 998 3131">
     <span class='ocr_line' id='line_1_28' title="bbox 235 3051 998 3131; baseline -0.005 -17"><span class='ocrx_word' id='word_1_180' title='bbox 235 3054 296 3114; x_wconf 90' lang='lat' dir='ltr'><strong>Hic</strong></span> <span class='ocrx_word' id='word_1_181' title='bbox 310 3052 384 3131; x_wconf 92' lang='lat' dir='ltr'><strong>petit</strong></span> <span class='ocrx_word' id='word_1_182' title='bbox 398 3051 533 3112; x_wconf 86' lang='lat' dir='ltr'><strong>exscidiis</strong></span> <span class='ocrx_word' id='word_1_183' title='bbox 547 3053 651 3111; x_wconf 90' lang='lat' dir='ltr'><strong>urbem</strong></span> <span class='ocrx_word' id='word_1_184' title='bbox 665 3054 847 3128; x_wconf 87' lang='lat' dir='ltr'><strong>miserosque</strong></span> <span class='ocrx_word' id='word_1_185' title='bbox 861 3054 998 3125; x_wconf 79' lang='lat' dir='ltr'><strong>PenateS,</strong></span> 
     </span>
    </p>

    <p class='ocr_par' dir='ltr' id='par_1_16' title="bbox 235 3144 948 3223">
     <span class='ocr_line' id='line_1_29' title="bbox 235 3144 948 3223; baseline -0.006 -16"><span class='ocrx_word' id='word_1_186' title='bbox 235 3150 278 3207; x_wconf 92' lang='lat' dir='ltr'><strong>Ut</strong></span> <span class='ocrx_word' id='word_1_187' title='bbox 291 3164 410 3223; x_wconf 86' lang='lat' dir='ltr'><strong>gemma</strong></span> <span class='ocrx_word' id='word_1_188' title='bbox 423 3144 506 3205; x_wconf 88' lang='lat' dir='ltr'><strong>bibat</strong></span> <span class='ocrx_word' id='word_1_189' title='bbox 520 3156 550 3205; x_wconf 90' lang='lat' dir='ltr'><strong>et</strong></span> <span class='ocrx_word' id='word_1_190' title='bbox 566 3146 692 3205; x_wconf 87' lang='lat' dir='ltr'><strong>Sarrano</strong></span> <span class='ocrx_word' id='word_1_191' title='bbox 707 3144 834 3204; x_wconf 90' lang='lat' dir='ltr'><strong>dormiat</strong></span> <span class='ocrx_word' id='word_1_192' title='bbox 849 3155 948 3218; x_wconf 71' lang='lat' dir='ltr'><strong>ostro,</strong></span> 
     </span>
    </p>

    <p class='ocr_par' dir='ltr' id='par_1_17' title="bbox 234 3236 1204 3687">
     <span class='ocr_line' id='line_1_30' title="bbox 235 3236 1058 3315; baseline -0.002 -14"><span class='ocrx_word' id='word_1_193' title='bbox 235 3240 347 3301; x_wconf 88' lang='lat' dir='ltr'><strong>Condit</strong></span> <span class='ocrx_word' id='word_1_194' title='bbox 361 3257 433 3315; x_wconf 92' lang='lat' dir='ltr'><strong>opes</strong></span> <span class='ocrx_word' id='word_1_195' title='bbox 448 3238 530 3312; x_wconf 90' lang='lat' dir='ltr'><strong>alius,</strong></span> <span class='ocrx_word' id='word_1_196' title='bbox 546 3238 724 3314; x_wconf 90' lang='lat' dir='ltr'><strong>defossoque</strong></span> <span class='ocrx_word' id='word_1_197' title='bbox 738 3236 860 3297; x_wconf 91' lang='lat' dir='ltr'><strong>incubat</strong></span> <span class='ocrx_word' id='word_1_198' title='bbox 874 3256 965 3311; x_wconf 89' lang='lat' dir='ltr'><strong>auro;</strong></span> <span class='ocrx_word' id='word_1_199' title='bbox 987 3246 992 3257; x_wconf 86' lang='grc'><strong>”</strong></span> <span class='ocrx_word' id='word_1_200' title='bbox 1054 3295 1058 3299; x_wconf 88' lang='grc'><em>.</em></span> 
     </span>
     <span class='ocr_line' id='line_1_31' title="bbox 235 3327 1098 3409; baseline -0.007 -16"><span class='ocrx_word' id='word_1_201' title='bbox 235 3333 296 3393; x_wconf 92' lang='lat' dir='ltr'><strong>Hic</strong></span> <span class='ocrx_word' id='word_1_202' title='bbox 311 3342 409 3409; x_wconf 91' lang='lat' dir='ltr'><strong>stupet</strong></span> <span class='ocrx_word' id='word_1_203' title='bbox 423 3330 564 3390; x_wconf 89' lang='lat' dir='ltr'><strong>attonitus</strong></span> <span class='ocrx_word' id='word_1_204' title='bbox 579 3330 696 3390; x_wconf 87' lang='lat' dir='ltr'><strong>Rostris</strong></span> <span class='ocrx_word' id='word_1_205' title='bbox 708 3352 717 3405; x_wconf 66' lang='grc' dir='ltr'><strong><em>ς</em></strong></span> <span class='ocrx_word' id='word_1_206' title='bbox 737 3331 816 3389; x_wconf 89' lang='lat' dir='ltr'><strong>hunc</strong></span> <span class='ocrx_word' id='word_1_207' title='bbox 831 3331 952 3406; x_wconf 87' lang='lat' dir='ltr'><strong>plausus</strong></span> <span class='ocrx_word' id='word_1_208' title='bbox 966 3327 1098 3389; x_wconf 89' lang='lat' dir='ltr'><strong>hiantem</strong></span> 
     </span>
     <span class='ocr_line' id='line_1_32' title="bbox 235 3421 1050 3501; baseline -0.005 -16"><span class='ocrx_word' id='word_1_209' title='bbox 235 3428 291 3487; x_wconf 91' lang='lat' dir='ltr'><strong>Per</strong></span> <span class='ocrx_word' id='word_1_210' title='bbox 304 3444 415 3485; x_wconf 90' lang='lat' dir='ltr'><strong>cuneos</strong></span> <span class='ocrx_word' id='word_1_211' title='bbox 428 3423 594 3501; x_wconf 88' lang='lat' dir='ltr'><strong>geminatus</strong></span> <span class='ocrx_word' id='word_1_212' title='bbox 609 3422 687 3483; x_wconf 92' lang='lat' dir='ltr'><strong>enim</strong></span> <span class='ocrx_word' id='word_1_213' title='bbox 702 3421 860 3500; x_wconf 88' lang='lat' dir='ltr'><strong>plebisque</strong></span> <span class='ocrx_word' id='word_1_214' title='bbox 875 3432 1050 3499; x_wconf 89' lang='lat' dir='ltr'><strong>patrumque</strong></span> 
     </span>
     <span class='ocr_line' id='line_1_33' title="bbox 234 3514 1204 3595; baseline -0.012 -15"><span class='ocrx_word' id='word_1_215' title='bbox 234 3517 401 3595; x_wconf 74' lang='lat' dir='ltr'><strong>Corripuit,</strong></span> <span class='ocrx_word' id='word_1_216' title='bbox 420 3518 551 3595; x_wconf 89' lang='lat' dir='ltr'><strong>gaudent</strong></span> <span class='ocrx_word' id='word_1_217' title='bbox 564 3515 673 3593; x_wconf 85' lang='lat' dir='ltr'><strong>perfusi</strong></span> <span class='ocrx_word' id='word_1_218' title='bbox 688 3514 830 3591; x_wconf 89' lang='lat' dir='ltr'><strong>sangnine</strong></span> <span class='ocrx_word' id='word_1_219' title='bbox 844 3516 972 3588; x_wconf 88' lang='lat' dir='ltr'><strong>fratrum,</strong></span> <span class='ocrx_word' id='word_1_220' title='bbox 1167 3542 1204 3579; x_wconf 83' lang='lat'><strong>510</strong></span> 
     </span>
     <span class='ocr_line' id='line_1_34' title="bbox 235 3607 936 3687; baseline -0.009 -16"><span class='ocrx_word' id='word_1_221' title='bbox 235 3611 405 3687; x_wconf 84' lang='lat' dir='ltr'><strong>Exsilioque</strong></span> <span class='ocrx_word' id='word_1_222' title='bbox 421 3611 527 3670; x_wconf 94' lang='lat' dir='ltr'><strong>domos</strong></span> <span class='ocrx_word' id='word_1_223' title='bbox 542 3619 572 3668; x_wconf 93' lang='lat' dir='ltr'><strong>et</strong></span> <span class='ocrx_word' id='word_1_224' title='bbox 585 3607 684 3667; x_wconf 84' lang='lat' dir='ltr'><strong>dulc‘ia</strong></span> <span class='ocrx_word' id='word_1_225' title='bbox 697 3607 800 3667; x_wconf 87' lang='lat' dir='ltr'><strong>limina</strong></span> <span class='ocrx_word' id='word_1_226' title='bbox 813 3617 936 3680; x_wconf 91' lang='lat' dir='ltr'><strong>mutant,</strong></span> 
     </span>
    </p>

    <p class='ocr_par' dir='ltr' id='par_1_18' title="bbox 235 3701 1023 3875">
     <span class='ocr_line' id='line_1_35' title="bbox 235 3701 1023 3781; baseline -0.008 -17"><span class='ocrx_word' id='word_1_227' title='bbox 235 3707 335 3781; x_wconf 88' lang='lat' dir='ltr'><strong>Atque</strong></span> <span class='ocrx_word' id='word_1_228' title='bbox 349 3703 408 3763; x_wconf 94' lang='lat' dir='ltr'><strong>alio</strong></span> <span class='ocrx_word' id='word_1_229' title='bbox 422 3701 547 3780; x_wconf 90' lang='lat' dir='ltr'><strong>patriam</strong></span> <span class='ocrx_word' id='word_1_230' title='bbox 562 3711 706 3778; x_wconf 90' lang='lat' dir='ltr'><strong>quaerunt</strong></span> <span class='ocrx_word' id='word_1_231' title='bbox 720 3703 775 3760; x_wconf 92' lang='lat' dir='ltr'><strong>sub</strong></span> <span class='ocrx_word' id='word_1_232' title='bbox 790 3702 852 3760; x_wconf 92' lang='lat' dir='ltr'><strong>sole</strong></span> <span class='ocrx_word' id='word_1_233' title='bbox 865 3703 1023 3777; x_wconf 90' lang='lat' dir='ltr'><strong>jacentem.</strong></span> 
     </span>
     <span class='ocr_line' id='line_1_36' title="bbox 235 3792 897 3875; baseline -0.006 -19"><span class='ocrx_word' id='word_1_234' title='bbox 235 3796 375 3875; x_wconf 87' lang='lat' dir='ltr'><strong>Agricola</strong></span> <span class='ocrx_word' id='word_1_235' title='bbox 389 3795 510 3854; x_wconf 91' lang='lat' dir='ltr'><strong>incurvo</strong></span> <span class='ocrx_word' id='word_1_236' title='bbox 525 3804 630 3853; x_wconf 89' lang='lat' dir='ltr'><strong>terram</strong></span> <span class='ocrx_word' id='word_1_237' title='bbox 646 3792 770 3852; x_wconf 90' lang='lat' dir='ltr'><strong>dimovit</strong></span> <span class='ocrx_word' id='word_1_238' title='bbox 784 3804 897 3853; x_wconf 89' lang='lat' dir='ltr'><strong>aratro:</strong></span> 
     </span>
    </p>

    <p class='ocr_par' dir='ltr' id='par_1_19' title="bbox 235 3883 1052 3963">
     <span class='ocr_line' id='line_1_37' title="bbox 235 3883 1052 3963; baseline -0.007 -14"><span class='ocrx_word' id='word_1_239' title='bbox 235 3889 319 3950; x_wconf 88' lang='lat' dir='ltr'><strong>Hinc</strong></span> <span class='ocrx_word' id='word_1_240' title='bbox 333 3886 403 3949; x_wconf 88' lang='lat' dir='ltr'><strong>anni</strong></span> <span class='ocrx_word' id='word_1_241' title='bbox 417 3888 509 3961; x_wconf 90' lang='lat' dir='ltr'><strong>labor,</strong></span> <span class='ocrx_word' id='word_1_242' title='bbox 524 3885 594 3945; x_wconf 91' lang='lat' dir='ltr'><strong>hinc</strong></span> <span class='ocrx_word' id='word_1_243' title='bbox 608 3883 732 3963; x_wconf 85' lang='lat' dir='ltr'><strong>patriam</strong></span> <span class='ocrx_word' id='word_1_244' title='bbox 746 3904 911 3963; x_wconf 90' lang='lat' dir='ltr'><strong>parvosque</strong></span> <span class='ocrx_word' id='word_1_245' title='bbox 926 3887 1052 3945; x_wconf 90' lang='lat' dir='ltr'><strong>Penates</strong></span> 
     </span>
    </p>
   </div>
   <div class='ocr_carea' id='block_1_5' title="bbox 0 0 1517 4700">
    <p class='ocr_par' dir='ltr' id='par_1_20' title="bbox 0 0 1517 4700">
     <span class='ocr_line' id='line_1_38' title="bbox 0 0 1517 4700; baseline 0 0"><span class='ocrx_word' id='word_1_246' title='bbox 0 0 1517 4700; x_wconf 95' lang='lat' dir='ltr'><strong> </strong></span> 
     </span>
    </p>
   </div>
  </div>
 </body>
</html>
