3017 4700
322 389 379 446 228
638 402 665 444 r.
684 401 817 444 vmcrrrr
839 401 980 446 marmus

320 546 490 624 Suscipiunt
503 545 622 624 pateris.
665 548 737 623 Ipse
750 546 806 608 atri
820 545 937 607 velleris
951 565 1058 624 agnam
1086 555 1089 570 '

319 643 440 700 Aeneas
454 640 539 699 matri
555 640 754 700 Eumenidum
768 660 952 719 magnaeque
968 641 1060 701 sorori
1258 668 1296 708 250

320 735 400 793 Ense
415 733 490 807 ferit,
506 734 696 809 sterilemque
710 734 772 807 tibi,
790 735 976 812 Proserpina,
990 753 1120 794 vaccam.

319 828 397 886 Tum
413 827 515 905 Stygio
529 827 592 905 regi
608 837 768 887 nocturnas
783 828 903 889 inchoat
916 847 991 902 araS,

319 920 358 978 Et
373 920 470 979 solida
483 919 611 996 imponit
624 929 774 979 taurorum
789 919 902 981 viscera
915 919 1051 996 flammis,

319 1012 432 1091 Pingue
447 1031 536 1089 super
550 1013 650 1072 oleum
664 1013 825 1073 infundens
839 1013 1012 1074 ardentibus
1026 1012 1108 1074 extis

319 1107 398 1164 Ecce
411 1115 520 1178 autem,
535 1106 622 1182 primi
636 1106 693 1166 sub
706 1106 819 1166 lumina
832 1108 905 1168 solis
919 1117 949 1167 et
964 1117 1046 1166 ortus
1257 1137 1294 1176 2⁵⁵

317 1199 379 1257 Sub
392 1199 520 1275 pedibus
534 1198 648 1276 mugire
663 1199 760 1258 solum
775 1209 805 1258 et
816 1201 889 1278 juga
902 1209 1010 1276 coepta
1023 1199 1136 1258 moveri

317 1291 470 1371 Silvamm,
485 1291 624 1368 visaeque
638 1309 729 1352 canes
742 1293 855 1352 ululare
868 1311 922 1368 per
936 1291 1080 1364 umbram,

319 1385 509 1444 Adventante
524 1378 601 1443 dea„¹
633 1385 739 1456 Procul
754 1405 782 1457 o,
798 1385 901 1462 procul
916 1396 987 1459 este,
1003 1371 1128 1462 profani,

318 1478 495 1537 Conclamat
508 1487 600 1550 vates,
616 1487 738 1553 totoque
752 1477 886 1538 absistite
901 1478 988 1553 luco,

317 1572 425 1647 Tuque
439 1570 547 1629 invade
560 1570 651 1645 viam,
662 1571 828 1648 vaginaque
844 1571 924 1647 eripe
939 1570 1069 1645 ferrum3
1256 1586 1294 1625 ,ω
1369 1641 1372 1648 1

317 1665 408 1723 Nunc
422 1661 528 1722 animis
541 1682 626 1739 opuS,
642 1665 755 1737 Aenea,
772 1683 851 1723 nunc
864 1673 985 1741 pectore
999 1665 1092 1724 firmo.

317 1757 448 1815 Tantum
464 1756 560 1829 effata,
575 1756 675 1816 fruens
689 1766 776 1816 antro
791 1776 824 1818 se
838 1755 960 1816 immisit
973 1767 1096 1834 aperto,

318 1849 375 1908 Ille
390 1849 497 1908 ducem
511 1849 590 1908 haud
605 1848 716 1909 timidis
730 1850 890 1910 vadentem
904 1847 1041 1926 passibus
1055 1857 1170 1924 aequat.
1253 1919 1255 1926 Ι

358 1941 407 2014 Di,
423 1942 530 2017 quibus
545 1941 700 2018 imperium
715 1952 761 2003 est
775 1943 948 2015 animarum,
964 1942 1156 2016 Umbraeque
1171 1939 1291 2024 silentes

317 2034 357 2094 Et
372 2034 482 2108 Chaos,
498 2045 528 2094 et
542 2034 737 2113 Phlegethon,
752 2037 820 2096 loca
833 2044 922 2096 nocte
937 2035 1065 2094 tacentia
1079 2035 1146 2107 late,
1255 2048 1292 2096 2⁶⁵

319 2127 364 2187 Sit
378 2128 451 2187 mihi
465 2129 510 2188 fas
525 2128 626 2188 audita
639 2129 721 2205 loqui
733 2150 742 2202 ;
763 2129 800 2188 sit
814 2129 936 2189 numine
949 2137 1049 2188 vestro

318 2221 455 2280 Pandere
469 2241 518 2281 res
532 2223 593 2284 alta
607 2231 684 2283 terra
697 2231 727 2281 et
741 2220 867 2300 caligine
881 2239 1001 2282 mersas.

357 2314 448 2374 Ibant
462 2315 580 2376 obscuri
596 2315 660 2375 sola
674 2315 730 2375 sub
745 2325 834 2375 nocte
848 2333 902 2393 per
915 2315 1059 2389 umbram,

316 2408 433 2482 Perque
449 2407 557 2468 domos
572 2408 652 2469 Ditis
665 2410 774 2467 vacuas
789 2418 819 2467 et
833 2407 933 2469 inania
946 2427 1053 2485 regna:

316 2500 414 2573 Quale
428 2520 482 2577 per
496 2501 639 2560 incertam
654 2501 755 2559 lunam
770 2501 827 2560 sub
841 2501 907 2561 luce
921 2498 1051 2579 maligna
1254 2532 1291 2569 270
1387 2492 1392 2500 ’

316 2592 371 2652 Est
385 2593 439 2652 iter
453 2593 484 2651 in
498 2592 588 2666 silvis,
604 2592 655 2652 ubi
669 2593 788 2653 coelum
802 2593 937 2653 condidit
950 2594 1054 2675 umbra

314 2685 460 2761 Juppiter,
476 2694 507 2748 et
519 2685 609 2744 rebus
623 2704 685 2745 nox
697 2686 820 2745 abstulit
833 2696 897 2745 atra
910 2687 1048 2746 colorem.

314 2777 502 2850 Vestibulum
518 2787 587 2836 ante
602 2778 700 2860 ipsum
714 2778 875 2855 primisque
889 2778 920 2837 in
935 2779 1068 2839 faucibus
1083 2778 1153 2840 Orci

315 2872 428 2929 Luctus
442 2880 472 2929 et
486 2869 607 2929 ultrices
620 2875 746 2946 posuere
761 2870 871 2931 cubilia
885 2873 1001 2946 Curae3

315 2962 525 3038 Pallentesque
539 2961 674 3022 habitant
688 2964 799 3038 Morbi,
815 2964 965 3042 tristisque
980 2966 1132 3037 Senectus
1252 2993 1289 3033 ²75

315 3057 355 3115 Et
368 3058 479 3128 Metus,
494 3064 526 3114 et
538 3056 709 3115 malesuada
723 3058 838 3132 Fames,
854 3077 889 3117 ac
904 3059 997 3135 turpis
1013 3060 1145 3135 Egestas

314 3149 476 3209 Terribiles
490 3150 557 3209 visu
570 3149 689 3226 formae,
706 3151 882 3228 Letumque,
898 3152 1078 3231 Labosque3

314 3245 394 3301 Tum
408 3242 648 3320 consanguineus
662 3242 730 3303 Leti
742 3246 848 3322 Sopor,
863 3255 894 3305 et
907 3246 985 3305 mala
999 3244 1107 3303 mentis

315 3334 441 3408 Gaudia,
456 3334 699 3413 mortiferumque
712 3338 840 3399 adverso
854 3337 884 3397 in
899 3338 999 3397 limine
1015 3337 1138 3409 Bellum,

314 3426 472 3505 Ferreique
487 3429 685 3489 Eumenidum
700 3430 830 3505 thalami,
846 3441 877 3491 et
891 3429 1048 3491 Discordia
1061 3430 1195 3503 demens,
1252 3446 1288 3486 aas

313 3520 475 3597 Vipereum
489 3520 602 3581 crinem
615 3521 696 3582 vittis
710 3522 819 3582 innexa
833 3523 970 3584 eruentis.

355 3615 393 3672 In
407 3612 506 3671 medio
520 3632 618 3673 ramos
632 3633 805 3691 annosaque
819 3615 939 3677 brachia
952 3616 1058 3693 pandit

314 3706 424 3765 Ulmus
437 3724 540 3781 opaca,
556 3706 670 3784 ingens,
686 3726 776 3783 quam
791 3708 892 3768 sedem
908 3709 1030 3768 Somnia
1042 3710 1131 3787 vulgo

313 3800 401 3857 Vana
415 3807 515 3857 tenere
529 3798 634 3872 lerunt,
650 3798 789 3876 foliisque
803 3800 857 3860 sub
871 3800 1010 3861 omnibus
1025 3803 1156 3863 haerent.
