3017 4700
281 393 336 452 194
590 391 616 434 P.
634 391 767 434 vinctus
785 389 931 434 *Mauouls

278 535 498 632 Nocturpisque
513 539 629 629 Hecate
643 536 735 634 triviis
748 537 860 621 ululata
872 556 932 618 per(
940 536 1036 610 urbes,

278 631 316 689 Et
332 629 421 689 Dirae
435 631 559 704 ultrices,
575 642 605 690 et
619 630 650 690 di
662 629 815 691 morientis
830 629 951 704 Elissae,
1211 647 1249 686 610

278 722 415 800 Accipite
428 723 511 796 haee,
527 723 721 800 meritumque
735 724 820 782 malis
834 723 980 784 aduertite
990 741 1111 796 numen,
1140 769 1143 778 ,

278 817 317 876 Et
332 826 447 876 nostras
460 815 561 876 audite
571 835 685 894 preces.
728 815 761 876 Si
775 827 893 893 tangere
908 827 1010 894 portus

171 957 173 960 ,
278 909 438 968 Infandum
453 920 591 985 caputac
604 908 689 970 terris
700 909 811 969 adnare
824 910 1013 982 necessefest,

278 1005 317 1062 Et
332 1002 375 1061 sic
389 1003 449 1061 lata
461 1002 544 1079 Jovis
557 1014 693 1079 poscunt,
708 1002 913 1076 hictenuinus
927 1002 1046 1063 haeret:

279 1097 320 1153 At
334 1095 414 1154 bello
428 1096 547 1154 audacis
561 1095 663 1172 populi
677 1106 800 1156 uexatus
814 1107 845 1156 et
858 1096 956 1170 armis,

278 1186 402 1247 Finibus
416 1188 546 1261 extorris,
561 1189 720 1264 complexu
731 1189 850 1248 avulsus
866 1187 931 1262 Iuli,
931 1236 961 1274 μ,

278 1279 428 1340 Auxilium
443 1280 760 1357 imploret-videatque
774 1280 895 1358 indigna
908 1291 1028 1341 suorum

279 1377 396 1434 Funera
407 1395 417 1448 3
436 1392 500 1448 nec,
516 1393 607 1450 quum
621 1393 655 1434 se
668 1376 724 1434 sub
738 1375 819 1452 leges
833 1375 916 1451 pacis
931 1374 1048 1452 iniquae

279 1467 454 1540 Tradiderit,
469 1486 561 1543 regno
573 1478 625 1526 aut
637 1478 744 1544 optata
754 1469 820 1528 luce
834 1469 943 1528 fruatur
954 1491 962 1543 3

281 1560 341 1620 Sed
356 1560 443 1619 cadat
456 1569 526 1619 ante
540 1559 619 1619 diem
632 1560 789 1636 mediaque
804 1559 972 1620 inhumatus
985 1579 1082 1622 arena.
1212 1579 1250 1616 ⁶20

251 1694 255 1716 .
281 1656 368 1712 Haec
382 1671 493 1728 precor,
508 1653 586 1712 hanc
599 1671 704 1712 vocem
718 1664 879 1713 extremam
892 1672 960 1713 curn
975 1653 1118 1731 sanguine
1131 1653 1231 1714 fundo,

280 1749 358 1804 Tum
372 1764 433 1818 vos,
449 1764 468 1804 o
482 1745 572 1822 Tyrii,
588 1746 708 1830 stirpem
722 1757 752 1806 et
766 1766 859 1824 genus
874 1765 963 1806 omne
977 1748 1105 1806 futurum

281 1841 424 1898 Exercete
438 1837 522 1909 odiis,
538 1839 688 1915 cinerique
701 1840 776 1899 haec
790 1839 896 1899 mittite
910 1849 1010 1899 nostro

281 1933 414 1991 Munera
459 1932 565 1992 Nullus
581 1951 665 1992 amor
677 1933 804 2010 populis,
819 1951 875 1992 nec
890 1933 1010 2007 foedera
1024 1943 1113 1994 sunto

281 2025 421 2084 Exoriare
436 2023 542 2102 aliquis
556 2026 663 2086 nostris
677 2046 714 2086 ex
724 2025 846 2086 ossibus
861 2027 945 2099 ultor,

280 2117 341 2192 Qui
357 2118 422 2177 sace
437 2119 605 2178 Dardanios
618 2119 755 2196 ferroque
770 2137 893 2195 sequare
907 2119 1041 2192 colonos,

281 2213 378 2284 Nunc,
394 2211 473 2285 olim,
490 2231 678 2289 quocumque
692 2214 807 2272 dabunt
821 2231 853 2272 se
867 2224 999 2289 tempore
1013 2213 1097 2288 vires.

280 2304 383 2365 Litora
396 2303 530 2366 litoribus
544 2306 697 2380 contraria,
711 2306 850 2367 fluctibus
864 2305 958 2366 undas

281 2401 442 2476 Imprecor‚
459 2418 539 2459 arma
552 2399 660 2474 armis;
699 2408 812 2476 ugnent
824 2398 940 2476 ipsique
954 2411 1145 2477 nepotesque.

292 2494 307 2529 s
321 2494 408 2552 Haec
423 2491 471 2565 ait,
487 2503 517 2551 et
530 2503 628 2569 partes
642 2492 773 2551 animum
787 2494 922 2552 versabat
936 2492 966 2551 in
981 2512 1093 2567 omnes,
1198 2485 1210 2501 Χ

281 2584 413 2645 Invisam
427 2604 572 2661 quaerens
586 2604 675 2662 quam
689 2586 816 2661 primum
830 2586 1004 2663 abrumpere
1018 2585 1136 2665 lucem,r

280 2680 359 2737 Tum
373 2679 499 2738 breviter
514 2680 625 2739 Barcen
639 2677 785 2740 nutricem
799 2679 887 2739 affata
900 2680 1023 2758 Sychaei
1034 2702 1043 2755 3

281 2774 419 2847 Namque
433 2790 516 2832 suam
528 2770 624 2847 patria
636 2771 758 2847 antiqua
771 2771 845 2831 cinis
859 2783 922 2833 ater
935 2774 1083 2837 habebat:

281 2868 401 2923 Annam
415 2882 484 2923 cara
497 2863 569 2923 mihi
583 2864 680 2923 nutrix
693 2866 751 2924 huc
767 2864 836 2925 siste
851 2883 1001 2940 sororem;

281 2958 340 3016 Dic
354 2976 461 3033 corpus
474 2968 612 3034 properet
623 2957 733 3017 fluviali
747 2978 882 3036 spargere
891 2960 1025 3036 lympha,

282 3053 322 3110 Et
335 3050 466 3127 pecudes
481 3068 581 3110 secum
594 3061 626 3111 et
639 3062 801 3112 monstrata
814 3051 931 3129 piacula
943 3053 1051 3127 ducat3

283 3144 332 3203 Sic
346 3143 464 3217 veniat3
484 3154 575 3220 tuque
589 3144 655 3221 ipsa
671 3145 721 3221 pia
733 3155 800 3222 tege
815 3156 950 3223 tempora
962 3145 1042 3206 vitta.
1119 3157 1121 3161 ’

226 3271 229 3276 -
281 3240 371 3297 Sacra
383 3236 451 3314 Jovi
467 3238 577 3315 Stygio,
594 3238 738 3314 quaerite
752 3238 871 3315 incepta
885 3238 993 3315 paravi,

282 3331 427 3391 Perficere
440 3340 486 3390 est
499 3330 622 3405 animm,
637 3332 787 3407 finemque
802 3332 954 3409 imponere
968 3330 1054 3404 cun's,

283 3423 603 3501 Dardaniique'rogum
616 3422 905 3501 capitispemrittere
920 3424 1064 3484 flammae.

282 3516 331 3578 Sic
344 3517 391 3577 ait
435 3518 491 3577 Illa
504 3517 627 3594 gradum
641 3516 739 3576 studio
753 3518 903 3577 celerabat
917 3516 995 3576 anili.

284 3614 326 3672 At
339 3610 462 3688 trepida,
477 3620 508 3669 et
521 3609 635 3686 coeptis
649 3608 826 3669 immanibus
841 3610 929 3669 effera
943 3610 1033 3683 Dido,

284 3704 482 3781 Sanguineam
495 3704 618 3763 volvens
631 3701 735 3776 aciem,
750 3703 933 3779 maculisque
947 3712 1107 3764 trementes

284 3798 431 3861 Interlusa
443 3815 544 3876 genas,
560 3806 590 3857 et
603 3795 714 3874 pallida
727 3807 822 3857 morte
837 3797 940 3872 utura,
955 3838 958 3847 .
