3017 4700
563 396 720 442 Aruernos
741 397 799 440 ua.
822 399 850 440 v.
954 435 957 442 l
1137 403 1192 462 199

225 543 449 618 Purpureosque
460 541 532 617 jacit
545 541 641 616 flores,
656 560 692 602 ac
705 542 776 604 talia
790 543 884 604 latur:

223 635 316 708 Salve,
332 645 433 698 sancte
447 634 705 712 parens-iterum:
725 637 846 710 salvete,
861 637 972 714 recepti
1171 655 1195 695 ro

224 728 434 805 Nequidquam
448 728 570 802 cineres,
585 728 761 806 animaeque
776 729 957 808 umbraeque
971 738 1119 808 paternae.

224 821 293 880 Non
307 813 389 880 licuit
402 821 478 880 fines
493 821 587 882 Italos
601 821 760 898 fataliaque
775 840 852 894 arva,

223 914 253 971 N
254 932 288 972 ec
302 924 401 974 tecum
416 913 591 987 Ausonium,
607 914 786 990 quicumque
800 924 855 988 est,
871 933 1012 991 quaerere
1026 914 1178 994 Thybrim.

223 1006 345 1066 Dixerat
359 1007 441 1079 haec,
457 1006 554 1083 adytis
568 1025 659 1082 quum
674 1006 804 1068 lubricus
818 1007 922 1086 anguis
936 1009 975 1068 ab
989 1007 1056 1070 imis

222 1101 341 1176 Septem
356 1098 461 1177 ingens
473 1116 571 1178 gyros,
587 1108 712 1176 septena
724 1099 875 1162 volumina
889 1100 983 1174 traxit,
1171 1115 1194 1166 8⁵
1302 1123 1304 1127 ·

223 1193 386 1270 Amplexus
400 1191 517 1268 placide
532 1192 677 1253 tumulum
691 1193 852 1270 lapsusque
866 1212 919 1270 per
933 1213 1008 1276 aras,

223 1286 384 1346 Caeruleae
398 1285 446 1344 cui
461 1294 542 1362 terga
556 1294 646 1345 notae
659 1285 827 1348 maculosus
842 1295 873 1346 et
886 1305 956 1348 auro
988 1341 990 1346 .

223 1381 383 1456 Squamam
398 1378 578 1440 incendebat
591 1378 686 1456 fulgor
699 1397 754 1438 ceu
769 1378 897 1441 nubibus
911 1399 997 1442 arcus

223 1472 308 1532 Mille
320 1471 392 1551 jacit
406 1471 502 1532 varios
516 1471 643 1536 adverso
656 1471 719 1530 sole
734 1471 857 1532 colores.

222 1562 383 1641 Obstupuit
396 1564 462 1622 visu
476 1565 603 1625 Aeneas.
646 1563 704 1627 Ille
717 1563 836 1644 agmine
850 1565 941 1646 longo

221 1658 357 1718 Tandem
371 1656 448 1716 inter
461 1648 578 1738 pateras
591 1665 623 1718 et
636 1655 713 1717 levia
725 1658 835 1734 pocula
848 1676 970 1736 serpens

222 1750 398 1826 Libavitque
413 1750 516 1825 dapes,
530 1769 690 1826 rursusque
703 1748 842 1810 innoxius
856 1751 917 1810 imo
1060 1741 1064 1750 ⁴

223 1843 372 1903 Successit
385 1842 509 1915 tumulo,
524 1851 555 1901 et
568 1842 692 1919 depasta
705 1842 809 1905 altaria
823 1843 916 1920 liquit

224 1938 294 1999 Hoc
308 1934 401 2012 magis
416 1934 551 2012 inceptos
564 1934 691 2012 genitori
704 1933 849 1998 instaurat
863 1938 1003 2010 honores

222 2031 367 2102 Incertus,
383 2027 554 2088 Geniumne
567 2027 625 2094 loci
638 2027 819 2110 famulumne
833 2029 965 2112 parentis

223 2123 298 2182 Esse
312 2130 415 2198 putet3
434 2121 534 2185 caedit
546 2120 632 2180 binas
646 2121 684 2179 de
698 2139 781 2181 more
794 2119 941 2194 bidentes,

222 2216 338 2291 Totque
353 2234 431 2287 sues,
447 2213 573 2298 totidem
587 2212 737 2292 nigrantes
752 2223 836 2294 terga
846 2215 1011 2294 juvencos3

221 2307 360 2385 Vinaque
373 2307 517 2368 fundebat
530 2305 652 2386 pateris
665 2306 852 2389 animamque
866 2306 994 2369 vocabat

223 2400 373 2461 Anchisae
387 2400 487 2479 magni
502 2400 1018 2480 ManesqueAcheronteremissos

223 2494 364 2554 Necnon
378 2502 409 2554 et
423 2491 506 2566 socii,
519 2512 596 2570 quae
610 2494 716 2572 cuique
730 2504 778 2563 est
791 2494 886 2571 copia,
901 2491 971 2553 laeti

223 2588 312 2647 Dona
326 2587 434 2661 serunt,
448 2596 573 2651 onerant
586 2605 662 2660 aras,
677 2598 868 2664 mactantque
880 2587 1044 2661 juvencos;

223 2680 335 2741 Ordine
350 2682 426 2739 aina
439 2679 539 2739 locant
551 2679 610 2753 alii,
625 2680 742 2758 fusique
757 2699 811 2759 per
824 2679 947 2739 herbam

224 2772 389 2851 Subjiciunt
402 2771 521 2831 veribus
535 2791 644 2849 prunas
658 2783 689 2833 et
702 2773 818 2850 viscera
831 2782 950 2833 torrent.

263 2867 442 2942 Exspectata
456 2866 520 2925 dies
533 2866 637 2927 aderat
650 2884 820 2942 nonamque
835 2883 940 2925 serena

224 2959 368 3017 Auroram
384 2959 577 3034 Phaethontis
592 2958 667 3036 equi,
671 2960 735 3038 jam
748 2959 815 3019 luce
829 2958 986 3031 vehebant,

223 3051 373 3127 Famaque
386 3051 527 3113 finitimos
541 3061 572 3114 et
584 3051 656 3111 clari
670 3070 781 3114 nomen
797 3054 925 3113 Acestae

224 3142 378 3219 Excierat;
397 3144 476 3210 laeto
490 3143 682 3220 complebant
696 3143 783 3204 litora
796 3154 893 3217 coena,

222 3236 322 3295 Visuri
337 3237 504 3310 Aeneadas,
519 3255 588 3313 pars
603 3244 634 3295 et
647 3246 761 3299 certare
775 3236 877 3313 parati.
927 3280 931 3285 -

224 3330 350 3389 Munera
363 3330 509 3408 principio
523 3339 593 3389 ante
606 3329 711 3389 oculos
725 3329 864 3407 circoque
878 3329 1013 3389 locantur

224 3424 261 3481 In
275 3422 383 3497 medio,
398 3424 475 3483 sacri
488 3422 620 3499 tripodes
633 3420 800 3499 viridesque
814 3440 943 3483 coronae

224 3516 262 3574 Et
275 3517 391 3593 palmae
406 3514 533 3594 pretium
546 3514 716 3587 victoribus,
731 3533 872 3593 armaque
887 3525 916 3577 et
930 3524 1024 3598 ostro,
1061 3590 1066 3595 .
1082 3560 1088 3577 2

223 3610 361 3671 Perfusae
375 3619 485 3682 vestes,
499 3607 612 3684 argenti
625 3606 749 3683 aurique
763 3608 927 3683 talentnm3

223 3704 261 3762 Et
275 3704 347 3763 tuba
361 3700 534 3762 commissos
547 3700 647 3760 medio
661 3699 743 3770 canit
755 3719 864 3783 aggere
878 3700 974 3760 ludos,

223 3796 321 3855 Prima
334 3813 421 3873 pares
435 3794 539 3853 ineunt
551 3793 690 3876 gravibus
703 3794 864 3861 certamina
877 3792 966 3857 remis
977 3846 979 3855 .
