3017 4700
306 383 361 459 198
536 360 544 377 ”
618 397 644 441 P.
665 396 798 440 11111111
819 397 960 442 manoms

305 543 394 602 Clara
407 542 480 615 dies,
497 543 593 602 socios
607 538 638 601 in
653 552 771 603 coetum
785 541 869 602 litore
883 543 921 602 ab
935 542 1017 602 omni

305 635 442 694 Advocat
456 636 583 707 Aeneas,
599 635 762 711 tumulique
777 653 813 694 ex
826 653 933 714 aggere
947 635 1043 696 satur:

305 727 496 786 Dardanidae
510 727 619 806 magni,
634 744 728 804 genus
742 728 803 787 alto
817 747 835 786 a
849 727 991 804 sanguine
1005 727 1114 804 divum,
1252 761 1277 800 ⁴⁵

305 822 432 879 Annuus
446 819 557 879 exactis
571 821 737 897 completur
747 819 901 879 mensibus
916 819 1003 894 orbiS,
1355 819 1359 824 '

306 914 351 972 Ex
365 931 424 989 quo
438 911 576 990 reliquias
589 912 740 989 divinique
754 931 822 972 ossa
836 913 966 990 parentis
1077 903 1079 909 ⁴

202 1005 207 1012 ’
306 1004 503 1065 Condidimus
517 1015 594 1064 terra
607 1015 795 1081 maestasque
810 1005 989 1065 sacravimus
1003 1025 1076 1066 aras.

305 1101 432 1176 Jamque
446 1099 520 1172 dies,
535 1097 593 1157 nisi
607 1098 700 1170 fallor,
715 1098 809 1171 adest,
826 1117 915 1174 quem
930 1117 1047 1177 semper
1060 1099 1207 1176 acerbum,

305 1191 429 1266 Semper
441 1187 722 1248 honoratum-sic
735 1189 767 1247 di
780 1188 1101 1251 voluistis—habebo.
1255 1217 1278 1255 50

306 1284 399 1342 Hunc
414 1300 470 1360 ego
484 1281 618 1342 Gaetulis
632 1299 747 1357 agerem
763 1279 789 1340 si
805 1281 939 1360 Syrtibus
953 1284 1044 1356 exsul,

306 1375 485 1453 Argolicove
499 1373 572 1432 mari
587 1374 752 1450 deprensus
768 1383 798 1433 et
811 1375 885 1434 urbe
901 1377 1055 1454 Mycenae,

305 1471 414 1527 Annua
426 1476 496 1527 vota
509 1477 608 1526 tamen
623 1467 843 1544 sollemnesque
857 1468 961 1528 ordine
974 1489 1099 1548 pompas

306 1563 497 1637 Exsequerer,
514 1569 715 1636 strueremque
722 1559 789 1620 suis
803 1559 905 1621 altaria
919 1561 1013 1622 donis.

306 1657 395 1714 Nunc
409 1654 486 1712 ultro
500 1652 540 1712 ad
554 1653 668 1713 eineres
682 1653 776 1730 ipsius
790 1663 821 1714 et
834 1673 903 1714 ossa
916 1656 1057 1732 parentis,

306 1747 400 1806 Haud
413 1746 553 1823 equidem
568 1745 632 1806 sine
645 1759 745 1807 mente
759 1766 833 1821 reor,
849 1747 914 1807 sine
928 1748 1048 1808 numine
1062 1748 1170 1822 divum,

305 1841 503 1912 Adsumuset
516 1848 618 1916 portus
633 1832 723 1900 delati
736 1841 878 1900 intramus
892 1839 1011 1900 amicos.

306 1934 386 2012 Ergo
400 1932 487 2011 agite,
503 1943 534 1992 et
547 1934 658 1993 laetum
672 1934 771 1993 cuncti
786 1933 970 1994 celebremus
984 1934 1146 2010 honorem;

306 2028 469 2086 Poscamus
482 2035 597 2100 ventos,
614 2035 703 2103 atque
716 2027 791 2086 haec
804 2045 853 2086 me
868 2045 951 2106 sacra
962 2000 1038 2103 ,iquot
1051 2027 1145 2111 annis¹
1165 2019 1168 2077 i

249 2125 256 2146 ’
305 2119 390 2179 urbe
403 2119 475 2179 veut
488 2120 586 2196 posita
598 2119 716 2197 templis
729 2117 787 2192 sui
802 2120 877 2179 fene
892 2104 1005 2180 dicatis.

305 2213 380 2273 Bina
393 2213 485 2273 boum
500 2213 585 2272 vobis
600 2214 691 2289 Troja
703 2223 861 2290 generatus
876 2214 1001 2272 Acestes

306 2308 366 2367 Dat
380 2325 503 2369 numero
516 2307 616 2383 capita
629 2306 659 2364 in
673 2323 785 2381 naves3
805 2306 945 2367 adhibete
961 2308 1088 2366 Penates

305 2399 345 2458 Et
358 2397 470 2475 patrios
484 2397 580 2475 epulis
594 2408 624 2457 et
638 2398 713 2473 quos
727 2396 800 2457 colit
812 2398 922 2475 hospes
938 2401 1072 2458 Acestes.

305 2493 469 2565 Praeterea,
484 2491 509 2551 si
524 2510 604 2550 nona
617 2490 696 2550 diem
710 2491 884 2551 mortalibus
899 2492 1008 2551 almum
1027 2544 1028 2547 ,

303 2587 419 2644 Aurora
429 2584 565 2643 extulerit
579 2583 725 2660 radiisque
739 2582 876 2643 retexerit
891 2585 1002 2657 orbem,

304 2678 403 2737 Prima
416 2676 492 2737 citae
506 2676 630 2735 Teucris
644 2694 753 2753 ponam
768 2676 931 2737 certamina
943 2677 1067 2751 classis;

303 2770 423 2846 Quique
437 2769 548 2846 pedum
561 2787 648 2828 eursu
661 2769 748 2843 valet,
765 2778 794 2829 et
808 2770 859 2847 qui
872 2770 982 2831 viribus
996 2771 1091 2831 audax

303 2865 365 2922 Aut
377 2862 478 2939 jaculo
492 2861 604 2921 incedit
617 2861 721 2921 melior
734 2863 909 2941 levibusque
924 2863 1045 2945 sagittis,

303 2957 361 3017 Seu
375 2955 468 3014 crudo
481 2954 548 3014 fidit
560 2974 690 3033 pugnam
703 2956 887 3016 committere
901 2966 1010 3029 caestu,

303 3046 412 3109 Cuncti
426 3047 533 3120 adsint,
548 3048 727 3124 meritaeque
742 3059 916 3126 exspectent
929 3047 1059 3125 praemia
1072 3047 1196 3125 palmae.
1262 3076 1275 3103 0

303 3141 365 3202 Ore
379 3141 474 3199 favete
488 3159 601 3213 omnes,
616 3149 647 3200 et
660 3141 769 3218 cingite
783 3151 917 3219 tempora
930 3141 1025 3201 ramis.
1027 3174 1049 3227 s

344 3233 393 3293 Sic
406 3233 484 3292 satus
497 3232 576 3291 velat
590 3242 723 3313 materna
736 3242 871 3311 tempora
883 3242 986 3313 myrto

304 3328 375 3385 Hoc
389 3293 536 3409 Heipmus
550 3326 701 3408 facit„hoc
715 3328 780 3400 aevi
794 3310 924 3387 maturus
939 3329 1072 3412 Acestes,

303 3420 374 3478 Hoc
388 3420 632 3517 puer,Asmnius,
649 3420 780 3515 sequitur
794 3393 980 3515 qudchetera
993 3419 1096 3497 pubes.

303 3512 361 3572 Ille
376 3511 647 3600 etconciliojmultis
661 3513 868 3591 cummilibus¹
877 3513 939 3571 ibat

302 3605 353 3664 Ad
367 3605 520 3680 tumulum,
536 3626 644 3685 magna
658 3606 774 3665 medius
789 3605 948 3665 comitante
962 3612 1088 3664 caterva.

302 3699 365 3757 Hic
379 3698 439 3758 duo
452 3699 507 3758 rite
521 3719 603 3760 mero
617 3699 714 3758 libans
728 3699 880 3759 carchesia
894 3697 1011 3758 Baccho

303 3792 413 3853 Fundit
426 3793 517 3867 humi,
532 3793 593 3853 duo
606 3793 683 3853 lacte
697 3810 785 3865 novo,
801 3791 861 3851 duo
876 3791 1019 3871 sanguine
1033 3793 1125 3867 sacro',
