3017 4700
572 460 731 504 AENEIDOS
751 461 811 504 LlB.
836 461 880 506 111.

242 606 404 667 Deducunt
417 605 490 666 socii
505 626 594 669 naves
608 618 638 668 et
652 606 737 666 litora
752 607 912 686 complent.

243 700 434 761 Provehimur
447 712 544 778 portu,
560 709 713 778 terraeque
727 700 874 777 urbesque
888 699 1037 762 recedunt.

242 797 330 855 Sacra
344 793 416 853 mari
430 792 536 852 colitur
549 792 649 852 medio
662 792 828 870 gratissima
842 794 929 854 tellus

243 886 405 947 Nereidum
419 886 506 945 matri
520 896 551 945 et
565 889 708 964 Neptuno
722 888 853 963 Aegaeo,

243 982 341 1057 Quam
355 979 420 1057 pius
435 978 612 1062 Arqitenens
626 998 692 1038 oras
706 989 736 1038 et
750 979 836 1039 litora
849 979 959 1040 circum

244 1076 396 1134 Errantem
410 1075 543 1150 Myc'ono
558 1091 575 1132 e
589 1072 668 1131 celsa
682 1047 841 1150 Gyiroque
855 1071 988 1146 revinxit,

243 1169 461 1243 Immotumque
476 1165 534 1225 coli
549 1164 632 1225 dedit
646 1175 676 1224 et
689 1175 881 1225 contemnere
895 1176 1008 1226 ventos

244 1262 315 1319 Huc
329 1259 424 1332 seror;
445 1259 521 1339 haec
533 1259 627 1317 sessos
641 1268 705 1317 tuto
719 1257 920 1335 placidissima
934 1268 1022 1335 portu

243 1351 368 1428 Accipit.
413 1351 529 1428 Egressi
542 1369 717 1411 veneramur
731 1351 879 1429 Apollinis
894 1352 1005 1411 urbem.
1040 1347 1044 1354 '

243 1448 311 1505 Rex
325 1444 429 1518 Anius,
444 1463 496 1503 rex
509 1443 589 1504 idem
603 1443 757 1503 hominum
772 1443 947 1522 Phoebique
962 1443 1109 1519 sacerdos,
1205 1474 1218 1500 0

242 1538 332 1598 Vittis
347 1549 377 1598 et
392 1556 474 1598 sacra
488 1536 639 1597 redimitus
653 1547 789 1615 tempora
802 1538 894 1612 lauro,

243 1631 396 1705 Occurrit,
412 1642 542 1691 veterem
556 1629 709 1690 Anchisen
724 1631 860 1708 agnoscit
874 1629 1009 1691 amicum.

142 1793 146 1798 ¹
242 1723 398 1802 Jungimus
412 1723 542 1800 hospitio
557 1725 682 1797 dextras
698 1734 728 1783 et
742 1719 822 1784 tecta
835 1723 974 1784 subimus.
1052 1777 1053 1780 ,

283 1817 410 1894 Templa
423 1816 471 1875 dei
486 1835 557 1876 saxo
571 1817 733 1876 venerabar
747 1827 857 1876 structa
871 1827 987 1878 vetusto
1001 1840 1006 1876 :

244 1913 293 1970 Da
306 1909 462 1987 propriam,
478 1909 673 1987 Thymbraee,
690 1910 812 1968 domum
824 1931 832 1983 ;
854 1911 893 1982 da
907 1909 1025 1970 moenia
1038 1910 1123 1972 fessis

245 2005 283 2063 Et
296 2022 388 2080 genus
403 2013 432 2062 et
446 2021 614 2061 mansuram
630 2002 734 2060 urbem
745 2024 754 2076 ;
775 2021 859 2061 serva
873 2003 964 2062 altera
978 2004 1086 2083 Trojac

245 2099 396 2173 Pergama,
411 2094 549 2171 reliquias
564 2097 702 2153 Danaum
717 2104 806 2172 atque
821 2094 940 2154 immitis
956 2095 1073 2154 Achilli.

245 2190 342 2264 Quem
357 2188 524 2265 sequimur?
543 2206 640 2264 quove
654 2187 695 2247 ire
708 2188 816 2264 jubes?
836 2187 887 2248 ubi
901 2207 1013 2265 ponere
1031 2189 1138 2250 sedes?

245 2285 302 2358 Da,
316 2293 407 2361 pater,
424 2279 583 2359 augurium,
599 2291 688 2358 atque
703 2279 808 2340 animis
823 2280 942 2340 illabere
957 2280 1073 2361 nostris

283 2376 342 2435 Vix
356 2376 481 2436 casatus
495 2394 592 2434 eram:
614 2384 737 2435 tremere
752 2374 853 2434 omnia
866 2375 929 2435 visa
943 2386 1073 2454 repente,
1094 2376 1099 2399 ⁸

245 2470 419 2546 Liminaque
433 2469 589 2545 laurusque
604 2468 661 2543 dei,
677 2478 815 2545 totusque
830 2469 942 2529 moveri

245 2567 337 2625 Mons
350 2562 469 2635 circum,
485 2572 515 2622 et
529 2561 639 2639 mugire
654 2562 749 2639 adytis
765 2561 878 2622 cortina
891 2561 1019 2622 reclusis
1035 2630 1041 2640 ‚
1074 2564 1079 2575 ’

244 2656 386 2718 Submissi
399 2654 526 2733 petimus
540 2667 654 2729 terram,
671 2666 700 2716 et
715 2675 774 2715 vox
787 2658 876 2716 fertur
890 2655 928 2715 ad
942 2674 1027 2715 aures
1041 2677 1047 2715 ι

245 2750 433 2811 Dardanidae
448 2748 521 2823 duri,
537 2768 613 2825 quae
627 2768 680 2809 vos
695 2769 713 2808 a
727 2749 817 2827 stirpe
831 2759 986 2827 parentum

167 2881 175 2888 ,
245 2844 343 2903 Prima
356 2842 421 2903 tulit
436 2843 530 2915 tellus,
547 2843 652 2901 eadem
665 2861 718 2901 vos
733 2843 823 2902 ubere
837 2843 917 2902 laeto

243 2935 379 3012 Accipiet
393 2935 522 2994 reduces.
568 2934 730 3011 Antiquam
744 2934 888 3011 exquirite
902 2945 1026 2995 matrem
1050 2962 1062 3035 (

245 3028 307 3088 Hic
321 3028 427 3087 domus
442 3030 563 3086 Aeneae
577 3025 691 3086 cunctis
705 3028 905 3088 dominabitur
919 3028 986 3102 oris,

245 3123 283 3180 Et
298 3120 359 3180 nati
373 3131 516 3192 natorum,
532 3130 562 3179 et
576 3120 627 3195 qui
641 3131 799 3179 nascentur
814 3123 851 3181 ab
866 3120 931 3179 illis.

245 3217 333 3273 Haec
347 3213 506 3287 Phoebus;
526 3212 677 3289 mixtoque
692 3212 796 3290 ingens
811 3224 913 3274 exorta
927 3213 1054 3273 tumultu

245 3305 380 3380 Laetitia,
396 3317 424 3365 et
439 3304 546 3378 cuncti,
562 3324 638 3381 quae
653 3304 712 3365 sint
725 3325 762 3365 ea
776 3306 903 3380 moenia,
919 3315 1073 3382 quaerunt,
1183 3333 1219 3361 100

245 3401 314 3474 Quo
329 3399 468 3457 Phoebus
483 3407 570 3457 vocet
584 3408 713 3457 errantes
726 3400 888 3475 jubeatque
903 3398 1029 3459 reverti?

245 3494 323 3551 Tum
337 3490 459 3567 genitor,
475 3501 606 3550 veterum
620 3491 743 3550 volvens
758 3503 952 3552 monumenta
965 3491 1102 3564 virorum,

244 3584 363 3657 Audite,
379 3602 397 3643 o
412 3602 556 3661 proceres,
573 3584 622 3656 ait,
639 3592 668 3641 et
682 3602 750 3659 spes
765 3584 869 3644 discite
883 3595 994 3645 vestras
1009 3608 1015 3644 r

245 3678 335 3739 Creta
347 3675 431 3752 Jovis
445 3676 543 3753 magni
558 3674 659 3734 medio
672 3676 752 3752 jacet
766 3676 861 3737 insula
875 3689 987 3755 pont0;

246 3772 338 3829 Mons
354 3769 463 3828 Idaeus
477 3769 536 3841 ubi,
553 3780 582 3828 et
595 3768 691 3845 gentis
707 3770 855 3829 cunabula
868 3782 993 3831 nostrae.
1183 3796 1218 3834 10⁵

245 3862 376 3923 Centum
390 3863 477 3921 urbes
491 3861 626 3921 habitant
640 3880 772 3939 magnas,
788 3864 934 3924 uberrima
947 3881 1055 3941 regna3
