3017 4700
301 393 358 452 180
612 407 638 451 n.
659 407 792 451 vrnornn
814 407 956 452 MAROMS

319 524 549 615 'Olli—sensit
562 552 643 616 enim
656 551 794 614 simulata
807 563 906 614 mente
920 554 1060 628 locutam,
1236 584 1270 621 105

298 648 369 724 Quo
383 665 505 725 regnum
519 645 624 708 Italiae
639 646 767 724 Libycas
782 657 926 707 averteret
940 666 1005 707 oras
1014 681 1056 692 --

290 741 346 802 -Sic
360 751 464 800 contra
478 750 523 800 est
537 739 667 817 ingressa
680 742 803 800 Venus:
824 739 899 816 Quis
914 739 984 800 talia
998 741 1121 802 demens

297 835 428 906 Abnuat,
444 843 495 893 aut
509 843 608 893 tecum
621 832 706 892 malit
719 834 900 894 contendere
914 835 1004 908 bebo,

298 925 329 987 Si
343 927 444 1001 modo,
460 926 541 1003 quod
556 945 714 999 memoras,
729 925 840 986 factum
854 927 972 986 fortuna
985 930 1143 1004 sequatur?

298 1020 357 1080 Sed
372 1019 439 1080 satis
453 1019 566 1080 incerta
578 1019 663 1092 seror,
679 1018 704 1078 si
716 1018 855 1096 Juppiter
867 1039 957 1080 unam

299 1114 373 1174 Esse
387 1111 458 1172 velit
472 1111 568 1190 Tyriis
581 1113 686 1172 urbem
700 1113 852 1189 Trojaque
866 1113 1014 1191 profectis,

299 1205 458 1266 Miscerive
471 1206 577 1282 probet
590 1206 727 1283 populos,
743 1215 794 1265 aut
807 1205 928 1274 foedera
939 1206 1031 1284 jungi.

299 1301 347 1358 Tu
361 1301 490 1376 conjux3
511 1297 564 1358 tibi
579 1292 625 1358 fal
638 1298 769 1358 animum
784 1267 896 1359 teintdre
910 1301 1068 1376 precando.

300 1394 392 1470 Perge
404 1413 412 1466 ;
433 1410 546 1468 sequar.
588 1392 668 1450 Tum
682 1390 724 1451 sic
738 1391 855 1470 excepit
869 1392 949 1470 regia
961 1394 1059 1469 Juno:

300 1487 423 1544 Mecum
438 1484 491 1544 erit
505 1483 561 1544 iste
575 1484 666 1545 labor.
710 1487 799 1545 Nunc
814 1504 873 1562 qua
887 1485 1009 1561 ratione,
1022 1487 1102 1563 quod
1117 1485 1214 1560 instat,
1237 1517 1272 1554 us

300 1576 432 1639 Confieri
446 1576 548 1654 possit,
563 1577 676 1654 paucis,
690 1578 819 1652 adverte,
835 1578 960 1638 docebo

299 1672 451 1732 Venatum
465 1672 585 1730 Aeneas
598 1689 717 1747 unaque
730 1671 894 1732 misenima
907 1671 989 1732 Dido

301 1766 338 1824 In
353 1782 458 1824 nemus
472 1763 514 1823 ire
528 1774 641 1840 parant,
656 1763 708 1824 ubi
722 1762 834 1842 primos
849 1765 991 1826 crastinus
1005 1775 1085 1826 onus

301 1857 446 1918 Extulerit
460 1856 551 1917 Titan
563 1855 712 1934 radiisque
725 1856 863 1920 retexerit
877 1860 987 1919 orbem.

302 1949 361 2010 His
376 1969 432 2028 ego
446 1941 786 2027 nigrantem‘commixti
799 1950 942 2029 grandine
956 1951 1098 2024 nimbum,

301 2046 383 2103 Dum
398 2043 546 2121 trepidant
559 2044 632 2118 alae,
647 2045 800 2120 saltusque
815 2044 953 2121 indagine
969 2045 1099 2123 cingunt,

301 2140 439 2216 Desuper
452 2137 616 2211 infundam,
631 2147 662 2198 et
675 2137 787 2198 tonitru
800 2138 917 2198 coelum
932 2157 1020 2198 omne
1035 2138 1129 2198 ciebo.

301 2229 465 2310 Diffugient
479 2230 603 2291 comites
617 2240 648 2290 et
661 2240 751 2290 nocte
766 2239 901 2306 tegentur
915 2249 1028 2308 opaca:

302 2325 481 2402 Speluncam
497 2323 579 2385 Dido
593 2324 655 2385 dux
668 2335 699 2385 et
712 2323 861 2399 Trojanus
875 2323 1001 2383 eandem

300 2418 477 2479 Devenient
520 2418 631 2491 Adone,
646 2428 685 2489 et,
700 2427 752 2476 tua
766 2415 791 2475 si
805 2414 876 2481 mihi
890 2427 971 2477 certa
983 2418 1128 2491 voluntas,
1240 2446 1275 2484 ης

301 2510 463 2572 Connubio
475 2513 598 2589 jungam
613 2508 710 2570 stabili
724 2508 933 2585 propriamque
948 2509 1065 2569 dicabo

301 2603 363 2663 Hic
377 2605 559 2681 hymenaeus
573 2601 635 2663 erit
645 2604 768 2661 —Non
782 2602 937 2661 adversata
949 2602 1062 2679 petenti

301 2696 424 2769 Adnuit,
441 2706 530 2773 atque
544 2694 622 2756 dolis
635 2693 698 2753 risit
712 2694 861 2772 Cytherea
874 2694 1003 2771 repertis.

341 2790 498 2850 Oceanum
512 2788 624 2848 interea
638 2806 761 2864 surgens
776 2788 890 2847 Aurora
903 2788 1028 2865 reliquit.

301 2883 331 2941 It
344 2881 437 2959 portis
449 2883 553 2958 jubare
567 2891 670 2942 exorto
684 2879 802 2941 delecta
813 2882 970 2957 juventus;

301 2973 391 3036 Retia
405 2993 477 3047 rara,
492 2974 606 3050 plagae,
621 2974 683 3033 lato
696 2974 845 3048 venabula
858 2974 943 3049 ferro,

302 3066 486 3144 Massylique
500 3077 588 3127 ruunt
602 3066 717 3143 equites
732 3078 763 3128 et
777 3068 870 3129 odora
883 3086 990 3129 canum
1005 3067 1056 3127 vis

301 3158 450 3237 Reginam
464 3160 595 3219 thalamo
608 3170 800 3221 cunctantem
814 3161 853 3221 ad
867 3160 970 3221 limina
983 3160 1070 3239 primi

302 3254 471 3311 Poenorum
486 3264 667 3330 exspectant,
682 3264 823 3330 ostroque
837 3252 959 3331 insignis
974 3266 1003 3314 et
1017 3273 1089 3314 auro

301 3345 366 3404 Stat
380 3344 500 3421 sonipes
515 3365 550 3406 ac
564 3347 647 3406 frena
660 3347 744 3406 ferox
758 3347 927 3422 spumantia
941 3347 1062 3407 mandit.

302 3437 439 3496 Tandem
453 3439 637 3514 progreditur
650 3458 759 3517 magna
772 3439 902 3517 stipante
916 3451 1041 3515 caterva,

304 3527 458 3589 Sidoniam
473 3530 555 3607 picto
569 3533 758 3610 chlamydem
772 3532 955 3593 circumdata
968 3532 1069 3593 limbo.

302 3620 361 3683 Cui
374 3622 512 3699 pharetra
524 3642 561 3683 ex
574 3644 657 3699 auro,
671 3624 767 3685 crines
782 3626 931 3686 nodantur
944 3624 975 3684 in
990 3644 1101 3701 aurum,

301 3715 400 3774 Aurea
414 3734 591 3792 purpuream
605 3718 755 3779 subnectit
769 3719 861 3779 fibula
873 3729 993 3779 vestem.

303 3807 445 3868 Necnon
460 3819 489 3869 et
504 3810 621 3891 Phrygii
635 3811 761 3873 comites
776 3822 806 3873 et
820 3812 914 3872 laeuus
930 3811 1011 3871 Iulus
