3017 4700
561 437 719 481 AENEIDOS
740 436 799 480 ΗΒ.
822 436 869 480 ῙΗ.

238 581 393 643 Interdum
406 582 548 661 scopulos
562 582 723 659 avulsaque
735 583 849 642 viscera
863 580 973 642 montis

238 676 334 754 Erigit
348 685 493 749 eructans,
509 675 727 752 liquefactaque
741 694 813 735 saxa
827 675 882 735 sub
897 693 985 734 auras

238 769 315 828 Cum
328 767 440 846 gemitu
453 768 605 844 glomerat,
621 768 774 844 fundoque
788 777 940 828 exaestuat
954 766 1043 860 imos

238 863 330 921 Fama
342 870 388 920 est
402 859 545 919 Enceladi
559 860 735 920 semiustum
747 860 870 920 fulmine
883 879 993 937 corpus

238 954 365 1033 Urguen'
378 954 458 1014 mole
471 955 536 1028 bac,
553 954 764 1032 ingentemque
778 955 899 1030 insuper
914 956 1044 1013 Aetnam

238 1044 413 1125 impositam
427 1046 520 1124 ruptis
533 1048 684 1107 flammam
698 1047 847 1124 exspirare
860 1048 985 1107 caminis
996 1069 1005 1122 3

239 1143 277 1201 Et
290 1143 401 1202 sessum
415 1141 532 1217 quoties
546 1151 641 1200 mutet
654 1139 740 1214 latus,
759 1140 915 1200 intremere
929 1158 1050 1200 omnem

239 1237 391 1294 Murmure
405 1233 598 1306 Trinacriam,
614 1242 645 1292 et
659 1234 776 1292 coelum
791 1233 948 1294 subtexere
963 1233 1052 1293 fumo.

238 1420 422 1493 Perierimus,
438 1438 502 1493 nec,
519 1437 595 1496 quae
608 1419 740 1480 sonitum
753 1419 806 1478 det
819 1437 932 1492 caussa,
947 1417 1092 1479 videmus.

202 1517 227 1564 t·
238 1515 267 1572 N
269 1533 317 1572 am
330 1531 429 1589 neque
443 1522 527 1572 erant
540 1522 685 1572 astrorum
698 1511 791 1589 ignes,
806 1529 864 1571 nec
878 1511 994 1573 lucidus
1008 1513 1111 1573 aethra

238 1605 358 1666 Siderea
371 1607 467 1682 polus,
483 1607 611 1665 obscuro
625 1605 679 1665 sed
693 1605 798 1665 nubila
812 1605 906 1678 coelo,

238 1700 277 1758 Et
289 1699 391 1758 lunam
403 1698 434 1756 in
449 1698 552 1758 nimbo
566 1717 626 1758 nox
640 1698 818 1775 intempesta
831 1697 961 1758 tenebat.

277 1793 401 1852 Postera
417 1792 539 1870 jamque
553 1791 618 1851 dies
631 1790 727 1868 primo
741 1790 881 1867 surgebat
896 1791 970 1864 Eoo,

238 1885 482 1960 Humentemque
497 1887 612 1944 Aurora
624 1886 695 1961 polo
710 1883 874 1944 dimoverat
887 1884 1031 1959 umbram,

238 1977 337 2050 Quum
352 1977 450 2036 subito
465 1996 482 2036 e
496 1977 587 2050 silvis,
603 1976 697 2036 macie
711 1977 849 2036 conlecta
863 1995 1008 2053 suprema,

238 2069 337 2146 Ignoti
352 2089 429 2129 nova
443 2071 537 2130 forma
550 2069 605 2128 viri
618 2070 847 2145 miserandaque
860 2069 943 2128 cultu

238 2162 376 2222 Procedit
390 2164 574 2240 supplexque
587 2180 693 2221 manus
706 2162 745 2222 ad
760 2162 846 2222 litora
858 2162 963 2221 tendit

238 2255 435 2332 Respicimus.
479 2256 553 2315 Dira
566 2254 682 2315 illuvies
696 2254 888 2332 immissaque
902 2254 1005 2329 barba,

239 2348 416 2409 Consertum
431 2359 571 2428 tegumen
584 2347 680 2426 spinis
688 2373 697 2424 ;
717 2358 748 2409 at
763 2358 863 2409 cetera
876 2347 991 2423 Graius,

238 2442 277 2501 Et
291 2443 442 2518 quondam
455 2444 559 2520 patriis
572 2444 612 2503 ad
626 2444 747 2522 Trojam
762 2444 869 2503 missus
883 2443 914 2501 in
928 2442 1024 2503 minis
1177 2465 1215 2505 sos

238 2538 329 2611 Isque
343 2536 394 2596 ubi
409 2536 577 2597 Dardanios
590 2536 709 2597 habitus
722 2546 753 2596 et
767 2536 858 2595 Troia
871 2534 945 2595 vidit

238 2631 331 2689 Arma
344 2630 456 2706 procul,
471 2630 592 2707 paulum
606 2630 752 2707 adspectu
765 2628 939 2691 conterritus
953 2626 1058 2702 haesit,
1112 2652 1121 2665 ·

239 2722 454 2799 Continuitque
466 2724 590 2799 gradum
600 2746 611 2799 3
630 2742 700 2783 mox
713 2742 780 2783 sese
795 2723 834 2783 ad
847 2722 933 2783 litora
946 2740 1090 2800 praeceps

238 2815 315 2874 Cum
329 2815 400 2875 fletu
412 2817 608 2894 precibusque
622 2816 709 2876 tulit:
730 2819 788 2875 Per
802 2814 899 2876 sidera
913 2826 1014 2889 testor,

238 2909 295 2967 Per
309 2928 433 2986 superos
446 2920 536 2985 atque
550 2910 608 2969 hoc
623 2908 699 2969 coeli
713 2908 853 2987 spirabile
868 2910 977 2995 lumen,

237 3002 349 3061 Tollite
363 3020 421 3075 me,
436 3001 564 3076 Teucri;
584 3020 787 3079 quascumque
802 3002 940 3061 abducite
954 3011 1046 3061 terras
1059 3020 1068 3076 ;

239 3098 310 3155 Hoc
324 3103 371 3154 sat
384 3094 447 3155 erit.
491 3094 560 3155 Scio
573 3113 623 3153 me
637 3094 751 3155 Danais
766 3113 784 3153 e
797 3094 944 3173 classibus
957 3112 1058 3167 unum,

239 3189 278 3247 Et
291 3188 372 3247 bello
388 3188 498 3247 Iliacos
512 3188 605 3247 fateor
618 3187 742 3264 petiisse
758 3189 893 3246 Penates.

238 3282 297 3339 Pro
312 3299 379 3357 qu0,
396 3280 422 3339 si
436 3280 558 3340 sceleris
572 3290 655 3339 tanta
669 3289 715 3339 est
728 3279 835 3358 injuria
849 3280 951 3355 nostri,

238 3373 372 3452 Spargite
387 3392 435 3432 me
448 3372 481 3432 in
493 3372 610 3447 fluctus,
625 3383 769 3448 vastoque
783 3372 946 3451 immergite
960 3381 1061 3450 ponto.

239 3468 271 3527 Si
285 3485 384 3544 pereo,
400 3467 554 3525 hominum
568 3464 705 3525 manibus
719 3464 832 3542 perisse
851 3464 973 3541 juvabit

239 3560 370 3633 Dixerat,
387 3570 417 3619 et
429 3578 528 3637 genua
541 3559 695 3635 amplexus
709 3556 895 3635 genibusque
909 3558 1046 3618 volutans

239 3653 402 3713 Haerebat
446 3652 507 3727 Qui
520 3652 567 3725 sit,
583 3651 645 3724 fari,
661 3669 721 3727 quo
735 3651 880 3729 sanguine
894 3660 1000 3723 cretus

239 3747 402 3805 Hortamur
411 3767 429 3821 3,
441 3763 517 3821 quae
531 3744 642 3805 deinde
656 3744 748 3820 agitet
761 3744 887 3817 fortuna,
902 3744 994 3803 fateri

196 3895 200 3904 .
238 3839 310 3915 Ipse
323 3847 408 3916 pater
421 3838 555 3897 dextram
570 3837 725 3911 Anchises,
741 3837 822 3897 haud
836 3836 929 3897 multa
942 3842 1081 3908 morenis,
1192 3858 1200 3885 1
