3017 4700
592 433 750 479 annnrnos
772 434 829 478 nra.
854 433 899 477 111.
1181 431 1235 493 175

263 583 371 640 Lustra
384 579 549 656 domosque
563 581 656 654 traho,
670 589 831 656 vastosque
846 579 884 640 ab
898 595 971 656 rupe
985 578 1135 658 Cyclopas

264 673 427 751 Praspiciq
443 674 632 749 sonitumque
646 674 757 750 pedum
770 691 935 749 vocemque
949 671 1096 733 tremisco.

263 769 384 827 Victum
399 765 557 838 infelicem,
572 766 682 826 baccas
696 765 891 842 lapidosaque
905 784 1004 838 corna,

263 862 346 920 Dant
358 859 441 933 rami,
456 869 488 918 et
500 859 592 919 vulsis
606 868 732 936 pascunt
746 857 896 918 radicibus
911 858 1028 934 herbae.
1201 867 1239 919 ⁶30

263 951 373 1014 Omnia
387 952 573 1025 collustrans,
588 952 667 1011 hanc
680 952 808 1029 primuni
822 951 860 1010 ad
875 949 962 1010 litora
975 949 1100 1010 classem

264 1045 417 1122 Conspexi
431 1045 608 1104 venientem.
651 1044 733 1103 Huic
746 1063 804 1117 me,
820 1061 1024 1121 quaecumque
1038 1042 1150 1116 fuisset,

264 1138 395 1198 Addixi:
417 1137 490 1197 satis
504 1147 550 1196 est
563 1147 684 1216 gentem
697 1136 836 1213 effugisse
850 1136 1017 1196 nefandam.

262 1235 327 1291 Vos
342 1231 470 1290 animam
485 1230 563 1290 hanc
576 1230 677 1306 potius
690 1247 878 1306 quocumque
892 1227 1037 1289 absumite
1052 1228 1121 1288 leto.

303 1324 362 1382 Vix
377 1342 413 1383 ea
427 1315 503 1382 fatus
518 1332 588 1396 erat,
605 1340 720 1382 summo
735 1340 826 1398 quum
840 1331 941 1382 monte
955 1321 1089 1382 videmus
1202 1337 1240 1386 ⁶⁵⁵

264 1420 369 1494 Ipsum
385 1416 461 1475 inter
474 1415 605 1492 pecudes
618 1425 703 1475 vasta
718 1433 750 1474 se
764 1415 844 1474 mole
858 1423 1027 1474 moventem

263 1513 415 1570 Pastorem
430 1510 644 1587 Polyphemum
658 1518 689 1568 et
703 1507 790 1568 litora
803 1517 875 1567 nota
888 1517 1048 1584 petentem,

263 1605 432 1662 Monstrum
437 1602 626 1675 horrendum,
633 1601 767 1674 informe,
775 1601 888 1677 ingens,
895 1599 942 1660 cui
948 1599 1049 1659 lumen
1058 1598 1237 1677 ademptum.

262 1699 383 1756 Trunca
396 1715 486 1754 manu
499 1695 587 1772 pinus
600 1695 677 1772 regit
690 1704 722 1754 et
734 1694 858 1770 vestigia
870 1693 967 1752 firmat
974 1714 983 1766 ;

263 1791 427 1868 Lanigerae
440 1788 619 1848 comitantur
632 1805 723 1863 oves3
743 1807 780 1848 ea
793 1786 857 1848 sola
869 1787 1007 1864 voluptas
1202 1798 1241 1838 ⁶⁶⁰

266 1885 465 1958 Solamenque
479 1881 557 1940 mali.

265 1980 427 2053 Postquam
442 1975 520 2034 altos
534 1972 629 2051 tetigit
643 1974 750 2033 fluctus
765 1983 796 2033 et
808 1973 847 2032 ad
862 1991 991 2049 aequora
1004 1971 1094 2046 venit,

266 2069 399 2129 Luminis
414 2067 514 2127 effossi
527 2065 652 2125 fluidum
665 2066 736 2124 lavit
749 2066 820 2124 inde
834 2084 977 2138 emonem,

266 2161 415 2222 Dentibus
430 2158 603 2218 infrendens
616 2158 736 2236 gemitu,
751 2157 942 2236 graditurque
956 2175 1011 2234 per
1024 2175 1136 2234 aequor

264 2256 332 2331 Jam
345 2253 484 2325 medium,
498 2252 627 2312 necdum
641 2251 747 2310 fluctus
762 2252 852 2310 latera
865 2251 957 2310 ardua
971 2250 1065 2310 tinxit.

266 2349 333 2407 Nos
347 2346 450 2424 procul
466 2344 536 2406 inde
550 2346 649 2424 fugam
663 2343 771 2422 trepidi
785 2344 924 2418 celerare,
941 2355 1062 2424 recepto

266 2440 404 2518 Supplice
418 2440 462 2500 sic
477 2439 591 2512 merito,
607 2439 749 2515 tacitique
763 2437 895 2498 incidere
909 2438 1030 2513 funem;

265 2534 419 2593 Verrimus
433 2544 464 2593 et
477 2533 564 2611 proni
579 2533 761 2592 certantibus
775 2550 905 2608 aequora
918 2532 1015 2592 remis.

268 2628 376 2700 Sensit,
392 2638 421 2685 et
435 2627 474 2685 ad
488 2626 618 2685 sonitum
631 2624 714 2685 vocis
727 2624 852 2701 vestigia
865 2625 959 2685 torsit

266 2724 378 2781 Verum
392 2719 444 2779 ubi
458 2720 539 2787 nulla
554 2719 639 2779 datur
652 2719 756 2777 dextra
770 2720 908 2779 affectare
922 2726 1064 2795 potestas,

268 2818 334 2874 Nec
349 2814 429 2891 potis
444 2812 547 2871 Ionios
561 2810 669 2871 fluctus
683 2830 811 2887 aequare
826 2810 990 2888 sequend0,

268 2908 437 2967 Clamorem
452 2905 628 2963 immensum
643 2905 728 2978 tollit,
744 2922 805 2980 quo
818 2913 929 2981 pontus
944 2912 974 2962 et
987 2920 1091 2961 ornnes

268 3002 482 3060 Contremuere
496 2997 605 3069 undae,
620 2997 799 3073 penitusque
814 2997 952 3057 extenita
966 2996 1052 3055 tellus

269 3092 383 3163 Italiae,
399 3090 555 3166 curvisque
570 3089 716 3166 immugiit
730 3092 830 3149 Aetna
843 3088 985 3149 cavernis,

269 3187 311 3243 At
325 3202 419 3261 genus
433 3201 450 3241 e
464 3182 547 3242 silvis
562 3182 728 3261 Cyclopum
741 3191 773 3241 et
785 3182 936 3241 montibus
950 3180 1017 3241 altis

206 3325 209 3331 <
270 3277 408 3337 Excitum
421 3276 478 3334 ruit
492 3275 531 3334 ad
545 3285 646 3362 portus
660 3285 690 3334 et
705 3274 792 3333 litora
804 3274 964 3351 complent.

270 3370 428 3431 Cernimus
442 3368 595 3427 adstantes
610 3367 812 3443 nequidquam
827 3366 937 3425 lumine
952 3375 1036 3426 torvo

270 3467 422 3522 Aetnaeos
436 3462 550 3533 fratres,
566 3461 652 3520 coelo
666 3459 766 3535 capita
780 3460 840 3518 alta
854 3459 992 3532 ferentes,

270 3553 439 3617 Concilium
454 3553 635 3613 horrendum
650 3574 656 3610 :
677 3552 779 3627 quales
796 3569 886 3626 quum
899 3550 1009 3611 vertice
1023 3548 1105 3611 celso

270 3648 378 3707 Airiae
393 3647 529 3723 que'rcus,
544 3653 595 3715 aut
608 3643 757 3703 coniferae
771 3643 914 3722 cyparissi
967 3676 972 3683 -

271 3741 486 3822 Consdtejunt
502 3738 577 3797 silva
590 3737 651 3796 alta
663 3736 755 3812 Jovis‚
772 3736 893 3796 lucusve
909 3736 1034 3795 Dianae.

229 3834 235 3855 '
272 3833 453 3912 Praecipites
467 3839 564 3889 metus
578 3847 647 3889 acer
660 3828 720 3907 agit
734 3846 923 3905 quocumque
937 3827 1078 3888 rudentes
