3017 4700
581 409 740 451 AENEIDOS
760 409 819 452 LIB.
838 410 877 452 VI.

246 552 420 612 Auricomos
434 572 523 629 quam
536 553 588 629 qui
602 553 783 630 decerpserit
797 555 900 630 arbore
915 555 999 614 letus.

247 649 318 706 Hoc
333 646 389 705 sibi
403 646 526 723 pulchra
540 666 627 705 suum
640 646 709 705 ferri
723 647 901 724 Proserpina
914 667 1022 708 munus

247 739 385 799 Instituit.
430 738 528 798 Primo
542 741 645 798 avulso
659 758 721 798 uon
734 739 837 800 deficit
849 742 924 800 alter
989 802 991 810 ,

247 836 371 905 Aureus,
387 842 417 892 et
430 831 520 892 simili
533 833 792 911 frondescitvirga
804 835 932 894 metallo.

248 927 326 1004 Ergo
340 926 399 985 alte
413 907 529 1003 vestifia
542 925 645 999 oculis,-
660 936 690 985 et
704 925 758 986 rite
772 938 921 1004 repertum
1185 953 1220 990 14⁵

247 1020 345 1095 Carpe
358 1038 468 1093 manu3
488 1037 618 1094 namque
633 1019 697 1095 ipse
710 1019 815 1079 voleus
829 1019 983 1098 facilisque
998 1028 1145 1096 sequetur,

246 1111 276 1171 Si
291 1120 320 1170 te
334 1111 394 1170 fata
407 1122 535 1186 vocant,
554 1112 640 1170 aliter
654 1131 715 1171 non
728 1111 840 1172 viribus
854 1114 922 1172 ullis
1022 1187 1025 1195 ι

246 1203 383 1276 Vincere,
399 1223 455 1262 nec
469 1205 543 1263 duro
556 1205 669 1280 poteris
683 1204 851 1264 convellere
865 1204 949 1265 ferro.
1019 1205 1022 1214 ’

249 1299 403 1355 Praeterea
415 1298 495 1372 jacet
508 1296 746 1386 exanimumtibi
760 1316 866 1386 cprpus
881 1299 1016 1358 amici—

247 1392 319 1449 Heu
332 1391 478 1450 nescis-
487 1401 639 1466 totamque
653 1367 897 1474 iticest‘ait'i‘unere
907 1393 1040 1465 classem,
1186 1421 1222 1458 150

247 1482 327 1541 Dum
342 1483 477 1543 consulta
489 1484 567 1560 petis
580 1496 742 1560 nostroque
757 1483 903 1570 inlimine
917 1487 1040 1562 pendes

246 1575 371 1635 Sedibus
387 1577 466 1635 hunc
480 1577 555 1636 refer
569 1587 638 1636 ante
653 1577 713 1636 suis
727 1588 758 1637 et
771 1579 868 1638 conde
883 1579 1048 1655 sepulchro.
1091 1621 1095 1632 .

246 1670 313 1728 Duc
328 1668 425 1746 nigras
439 1671 591 1746 pecudes,
611 1690 647 1730 ea
660 1670 755 1747 prima
768 1671 886 1748 piacula
899 1683 994 1732 sunto
1028 1727 1029 1730 ,
1048 1700 1053 1722 ι
1073 1691 1104 1728 α*
1117 1692 1142 1731 tr
1156 1681 1169 1726 t
1202 1716 1206 1724 .
1228 1679 1254 1724 ·:
1270 1688 1277 1708 r
1292 1699 1295 1707 ,
1313 1674 1320 1699 ¹⁴
1337 1683 1353 1724 r

246 1762 295 1823 Sic
310 1763 430 1822 demum
444 1765 528 1823 lucos
543 1764 642 1840 Stygis
656 1775 686 1824 et
700 1783 792 1842 regna
805 1764 884 1824 invia
897 1765 970 1824 vivis

245 1856 410 1932 Adspicies.
454 1856 546 1929 Dixit,
561 1875 722 1934 pressoque
737 1843 885 1916 obmutuit
900 1875 970 1942 ore,
1185 1883 1220 1924 1⁵⁵

286 1952 404 2008 Aeneas
418 1960 534 2008 maesto
548 1949 663 2008 defixus
676 1949 790 2009 lumina
803 1949 886 2008 vultu

245 2041 421 2117 Ingreditur,
436 2041 574 2116 linquens
588 2052 712 2114 autrum,
728 2060 893 2118 caecosque
908 2043 1021 2103 volutat
1115 2063 1118 2068 ’

246 2135 378 2192 Eventus
392 2133 492 2208 animo
507 2153 615 2194 secum.
659 2133 717 2195 Cui
730 2135 808 2194 fidus
823 2135 955 2195 Achates

245 2228 274 2285 It
289 2245 398 2300 comes,
414 2238 444 2287 et
458 2226 578 2304 paribus
591 2227 668 2286 curis
681 2226 805 2307 vestigia
816 2227 888 2306 figit

245 2333 342 2393 Multa
355 2333 430 2393 inter
445 2352 509 2393 sese
523 2332 605 2393 vario
618 2352 756 2394 sermone
772 2334 917 2407 serebant,
1184 2354 1221 2393 ιω

154 2448 162 2455 ·
244 2428 343 2502 Quem
357 2427 471 2487 socium
485 2427 652 2487 exanimem
665 2438 758 2501 vates,
774 2427 856 2503 quod
870 2446 978 2503 corpus
992 2428 1176 2489 humandum

244 2521 373 2580 Diceret
418 2522 518 2596 Atque
532 2519 574 2579 illi
589 2519 740 2581 Misenum
753 2519 785 2580 in
799 2518 885 2579 litore
900 2519 988 2594 sicco,

243 2614 287 2672 Ut
300 2632 416 2687 venere,
432 2613 534 2673 vident
547 2613 670 2690 indigna
682 2623 988 2689 morteperemptum,

243 2705 395 2765 Misenum
410 2706 567 2779 Aeoliden,
583 2725 644 2783 quo
658 2724 720 2765 nou
733 2706 930 2782 praestantior
943 2706 1019 2765 alter

243 2801 320 2859 Aere
335 2799 412 2859 ciere
426 2798 513 2873 viros,
529 2802 716 2875 Martemque
730 2799 895 2859 accendere
909 2810 1008 2863 cantu.
1186 2818 1220 2866 165

243 2893 385 2951 Hectoris
399 2892 447 2951 hic
461 2893 560 2969 magni
574 2893 668 2951 fuerat
681 2910 792 2966 comes,
810 2895 945 2953 Hectora
959 2892 1070 2953 circum

243 2986 281 3043 Et
293 2984 367 3044 lituo
381 3004 495 3061 pugnas
510 2984 631 3061 insignis
645 2984 749 3045 obibat
762 2994 792 3045 et
806 2986 899 3045 hasta

243 3081 405 3154 Postquam
420 3078 502 3137 illum
516 3078 576 3137 vita
589 3078 683 3137 victor
697 3078 836 3154 spoliavit
851 3077 994 3152 Achilles,

209 3200 213 3216 ι
243 3171 394 3231 Dardanio
410 3172 530 3230 Aeneae
545 3189 613 3230 sese
627 3170 803 3229 fortissimus
817 3171 907 3229 heros

244 3264 411 3324 Addiderat
425 3264 547 3335 socium,
563 3282 625 3321 non
639 3263 778 3322 inferiora
791 3273 919 3322 secutus.
1184 3292 1220 3329 170

242 3358 301 3417 Sed
315 3367 386 3429 tum,
400 3356 475 3417 sorte
490 3374 563 3416 cava
577 3356 647 3415 dum
661 3364 803 3431 personat
817 3374 947 3431 aequora
960 3356 1085 3430 concha,

242 3451 385 3522 Demens,
401 3459 431 3509 et
444 3460 533 3509 cantu
547 3459 635 3509 vocat
648 3448 679 3507 in
693 3447 855 3507 certamina
868 3448 965 3521 divos

241 3543 385 3601 Aemulus
399 3554 556 3618 exceptum
570 3542 684 3613 Triton,
699 3540 725 3599 si
739 3540 861 3599 credere
877 3540 1000 3616 dignum
1014 3550 1068 3614 est,

243 3637 326 3693 Inter
339 3653 411 3693 saxa
424 3635 518 3693 virum
532 3623 674 3711 spumosa
686 3633 871 3693 immerserat
884 3633 972 3691 unda

243 3729 322 3805 Ergo
336 3746 440 3787 omnes
455 3746 563 3805 magno
577 3726 687 3786 circum
701 3725 829 3785 clamore
843 3724 1019 3799 fremebant,
1097 3804 1107 3814 „
1183 3746 1219 3785 trs
1267 3800 1269 3807 γ

243 3820 404 3896 Praecipue
418 3819 485 3896 pius
497 3822 627 3879 Aeneas.
669 3818 753 3877 Tum-
760 3818 843 3893 iussa
858 3816 998 3895 Sibyllae,

444 3923 467 3961 τε
