<?xml version="1.0" encoding="UTF-8"?>
<!DOCTYPE html PUBLIC "-//W3C//DTD XHTML 1.0 Transitional//EN"
    "http://www.w3.org/TR/xhtml1/DTD/xhtml1-transitional.dtd">
<html xmlns="http://www.w3.org/1999/xhtml" xml:lang="en" lang="en">
 <head>
  <title>
</title>
<meta http-equiv="Content-Type" content="text/html;charset=utf-8" />
  <meta name='ocr-system' content='tesseract 3.04.00' />
  <meta name='ocr-capabilities' content='ocr_page ocr_carea ocr_par ocr_line ocrx_word'/>
</head>
<body>
  <div class='ocr_page' id='page_1' title='image "./selectionsfromo01virggoog_0156.png"; bbox 0 0 3017 4700; ppageno 0'>
   <div class='ocr_carea' id='block_1_1' title="bbox 287 383 928 460">
    <p class='ocr_par' dir='ltr' id='par_1_1' title="bbox 287 383 928 460">
     <span class='ocr_line' id='line_1_1' title="bbox 287 383 928 460; baseline 0 -16"><span class='ocrx_word' id='word_1_1' title='bbox 287 403 344 460; x_wconf 89' lang='lat'>144</span> <span class='ocrx_word' id='word_1_2' title='bbox 582 396 608 442; x_wconf 85' lang='grc' dir='ltr'>Ρ.</span> <span class='ocrx_word' id='word_1_3' title='bbox 623 383 764 443; x_wconf 73' lang='lat' dir='ltr'>&#39;vracirrr</span> <span class='ocrx_word' id='word_1_4' title='bbox 786 399 928 444; x_wconf 73' lang='lat' dir='ltr'>Mauortis</span> 
     </span>
    </p>
   </div>
   <div class='ocr_carea' id='block_1_2' title="bbox 129 543 1357 3883">
    <p class='ocr_par' dir='ltr' id='par_1_2' title="bbox 282 543 1094 718">
     <span class='ocr_line' id='line_1_2' title="bbox 282 543 1025 620; baseline 0.003 -16"><span class='ocrx_word' id='word_1_5' title='bbox 282 548 424 619; x_wconf 86' lang='lat' dir='ltr'>Venerat,</span> <span class='ocrx_word' id='word_1_6' title='bbox 439 543 545 606; x_wconf 87' lang='lat' dir='ltr'>insano</span> <span class='ocrx_word' id='word_1_7' title='bbox 560 545 748 606; x_wconf 80' lang='lat' dir='ltr'>Cassandrae</span> <span class='ocrx_word' id='word_1_8' title='bbox 762 545 902 606; x_wconf 88' lang='lat' dir='ltr'>incensus</span> <span class='ocrx_word' id='word_1_9' title='bbox 916 563 1025 620; x_wconf 86' lang='lat' dir='ltr'>amore,</span> 
     </span>
     <span class='ocr_line' id='line_1_3' title="bbox 283 638 1094 718; baseline 0.003 -20.14"><span class='ocrx_word' id='word_1_10' title='bbox 283 641 429 718; x_wconf 88' lang='lat' dir='ltr'>Etgener</span> <span class='ocrx_word' id='word_1_11' title='bbox 442 638 584 697; x_wconf 82' lang='lat' dir='ltr'>auxilium</span> <span class='ocrx_word' id='word_1_12' title='bbox 599 638 716 698; x_wconf 84' lang='lat' dir='ltr'>Priamo</span> <span class='ocrx_word' id='word_1_13' title='bbox 732 638 957 716; x_wconf 86' lang='lat' dir='ltr'>Phrygibusque</span> <span class='ocrx_word' id='word_1_14' title='bbox 972 638 1094 714; x_wconf 85' lang='lat' dir='ltr'>ferebat,</span> 
     </span>
    </p>

    <p class='ocr_par' dir='ltr' id='par_1_3' title="bbox 283 731 1280 809">
     <span class='ocr_line' id='line_1_4' title="bbox 283 731 1280 809; baseline 0 -17"><span class='ocrx_word' id='word_1_15' title='bbox 283 732 401 805; x_wconf 79' lang='lat' dir='ltr'><strong>Infelix,</strong></span> <span class='ocrx_word' id='word_1_16' title='bbox 418 731 470 809; x_wconf 90' lang='lat' dir='ltr'>qui</span> <span class='ocrx_word' id='word_1_17' title='bbox 484 749 546 791; x_wconf 90' lang='lat' dir='ltr'>non</span> <span class='ocrx_word' id='word_1_18' title='bbox 559 749 690 809; x_wconf 87' lang='lat' dir='ltr'>sponsae</span> <span class='ocrx_word' id='word_1_19' title='bbox 703 741 846 808; x_wconf 79' lang='lat' dir='ltr'>praecept</span> <span class='ocrx_word' id='word_1_20' title='bbox 847 751 865 790; x_wconf 91' lang='lat' dir='ltr'>a</span> <span class='ocrx_word' id='word_1_21' title='bbox 834 731 1003 794; x_wconf 88' lang='lat' dir='ltr'>tfurentis</span> <span class='ocrx_word' id='word_1_22' title='bbox 1093 776 1096 782; x_wconf 86' lang='lat'>-</span> <span class='ocrx_word' id='word_1_23' title='bbox 1222 761 1259 800; x_wconf 79' lang='lat'>³⁴⁵</span> <span class='ocrx_word' id='word_1_24' title='bbox 1276 751 1280 757; x_wconf 82' lang='grc'>’</span> 
     </span>
    </p>

    <p class='ocr_par' dir='ltr' id='par_1_4' title="bbox 283 824 428 884">
     <span class='ocr_line' id='line_1_5' title="bbox 283 824 428 884; baseline 0.007 -1"><span class='ocrx_word' id='word_1_25' title='bbox 283 824 428 884; x_wconf 82' lang='lat' dir='ltr'>Audierit</span> 
     </span>
    </p>

    <p class='ocr_par' dir='ltr' id='par_1_5' title="bbox 282 907 978 994">
     <span class='ocr_line' id='line_1_6' title="bbox 282 907 978 994; baseline 0 -18"><span class='ocrx_word' id='word_1_26' title='bbox 282 918 367 993; x_wconf 91' lang='lat' dir='ltr'>Quos</span> <span class='ocrx_word' id='word_1_27' title='bbox 381 917 433 976; x_wconf 95' lang='lat' dir='ltr'>ubi</span> <span class='ocrx_word' id='word_1_28' title='bbox 447 907 597 977; x_wconf 80' lang='lat' dir='ltr'>confertos</span> <span class='ocrx_word' id='word_1_29' title='bbox 611 916 743 977; x_wconf 87' lang='lat' dir='ltr'>audere</span> <span class='ocrx_word' id='word_1_30' title='bbox 735 936 767 992; x_wconf 76' lang='lat' dir='ltr'>in</span> <span class='ocrx_word' id='word_1_31' title='bbox 780 917 895 994; x_wconf 88' lang='lat' dir='ltr'>proelia</span> <span class='ocrx_word' id='word_1_32' title='bbox 908 916 978 991; x_wconf 92' lang='lat' dir='ltr'>vidi,</span> 
     </span>
    </p>

    <p class='ocr_par' dir='ltr' id='par_1_6' title="bbox 283 1008 1042 1088">
     <span class='ocr_line' id='line_1_7' title="bbox 283 1008 1042 1088; baseline 0.001 -19"><span class='ocrx_word' id='word_1_33' title='bbox 283 1010 401 1088; x_wconf 89' lang='lat' dir='ltr'>Incipio</span> <span class='ocrx_word' id='word_1_34' title='bbox 415 1009 585 1087; x_wconf 87' lang='lat' dir='ltr'>superbis:</span> <span class='ocrx_word' id='word_1_35' title='bbox 605 1011 745 1085; x_wconf 88' lang='lat' dir='ltr'>Juveues,</span> <span class='ocrx_word' id='word_1_36' title='bbox 761 1008 922 1070; x_wconf 84' lang='lat' dir='ltr'>fortissima</span> <span class='ocrx_word' id='word_1_37' title='bbox 935 1010 1042 1072; x_wconf 83' lang='lat' dir='ltr'>frustra</span> 
     </span>
    </p>

    <p class='ocr_par' dir='ltr' id='par_1_7' title="bbox 282 1097 1005 1180">
     <span class='ocr_line' id='line_1_8' title="bbox 282 1097 1005 1180; baseline 0.003 -18"><span class='ocrx_word' id='word_1_38' title='bbox 282 1105 418 1176; x_wconf 83' lang='lat' dir='ltr'>Pectora,</span> <span class='ocrx_word' id='word_1_39' title='bbox 434 1103 459 1163; x_wconf 92' lang='lat' dir='ltr'>si</span> <span class='ocrx_word' id='word_1_40' title='bbox 473 1101 560 1162; x_wconf 92' lang='lat' dir='ltr'>vobis</span> <span class='ocrx_word' id='word_1_41' title='bbox 574 1097 736 1162; x_wconf 82' lang='lat' dir='ltr'>audentem</span> <span class='ocrx_word' id='word_1_42' title='bbox 749 1113 881 1165; x_wconf 85' lang='lat' dir='ltr'>extrema</span> <span class='ocrx_word' id='word_1_43' title='bbox 895 1103 1005 1180; x_wconf 91' lang='lat' dir='ltr'>cupido</span> 
     </span>
    </p>

    <p class='ocr_par' dir='ltr' id='par_1_8' title="bbox 282 1194 999 1282">
     <span class='ocr_line' id='line_1_9' title="bbox 282 1194 999 1282; baseline 0 -26"><span class='ocrx_word' id='word_1_44' title='bbox 282 1198 374 1257; x_wconf 90' lang='lat' dir='ltr'>Certa</span> <span class='ocrx_word' id='word_1_45' title='bbox 385 1194 479 1271; x_wconf 90' lang='lat' dir='ltr'>sequi,</span> <span class='ocrx_word' id='word_1_46' title='bbox 495 1213 572 1272; x_wconf 86' lang='lat' dir='ltr'>quae</span> <span class='ocrx_word' id='word_1_47' title='bbox 586 1194 625 1254; x_wconf 91' lang='lat' dir='ltr'>sit</span> <span class='ocrx_word' id='word_1_48' title='bbox 639 1195 735 1282; x_wconf 62' lang='lat' dir='ltr'>rebusu</span> <span class='ocrx_word' id='word_1_49' title='bbox 742 1196 860 1258; x_wconf 88' lang='lat' dir='ltr'>fortuna</span> <span class='ocrx_word' id='word_1_50' title='bbox 873 1196 980 1256; x_wconf 88' lang='lat' dir='ltr'>videtis</span> <span class='ocrx_word' id='word_1_51' title='bbox 993 1219 999 1256; x_wconf 94' lang='lat'>:</span> 
     </span>
    </p>

    <p class='ocr_par' dir='ltr' id='par_1_9' title="bbox 282 1286 954 1365">
     <span class='ocr_line' id='line_1_10' title="bbox 282 1286 954 1365; baseline 0 -17"><span class='ocrx_word' id='word_1_52' title='bbox 282 1291 446 1348; x_wconf 86' lang='lat' dir='ltr'>Excessere</span> <span class='ocrx_word' id='word_1_53' title='bbox 460 1307 575 1361; x_wconf 69' lang='lat' dir='ltr'>omnes</span> <span class='ocrx_word' id='word_1_54' title='bbox 590 1288 688 1365; x_wconf 85' lang='lat' dir='ltr'>adytis</span> <span class='ocrx_word' id='word_1_55' title='bbox 702 1286 820 1363; x_wconf 87' lang='lat' dir='ltr'>arisque</span> <span class='ocrx_word' id='word_1_56' title='bbox 834 1288 954 1362; x_wconf 69' lang='lat' dir='ltr'>relictis</span> 
     </span>
    </p>

    <p class='ocr_par' dir='ltr' id='par_1_10' title="bbox 281 1379 1128 1461">
     <span class='ocr_line' id='line_1_11' title="bbox 281 1379 1128 1461; baseline -0.002 -19"><span class='ocrx_word' id='word_1_57' title='bbox 281 1383 456 1461; x_wconf 88' lang='lat' dir='ltr'>Di,quibus</span> <span class='ocrx_word' id='word_1_58' title='bbox 470 1380 625 1458; x_wconf 87' lang='lat' dir='ltr'>imperium</span> <span class='ocrx_word' id='word_1_59' title='bbox 639 1382 698 1441; x_wconf 94' lang='lat' dir='ltr'>hoc</span> <span class='ocrx_word' id='word_1_60' title='bbox 712 1390 834 1444; x_wconf 86' lang='lat' dir='ltr'>steterat</span> <span class='ocrx_word' id='word_1_61' title='bbox 846 1404 855 1457; x_wconf 74' lang='lat'>5</span> <span class='ocrx_word' id='word_1_62' title='bbox 876 1381 1046 1444; x_wconf 83' lang='lat' dir='ltr'>succurritis</span> <span class='ocrx_word' id='word_1_63' title='bbox 1061 1379 1128 1445; x_wconf 88' lang='lat' dir='ltr'>urbi</span> 
     </span>
    </p>

    <p class='ocr_par' dir='ltr' id='par_1_11' title="bbox 281 1474 1079 1551">
     <span class='ocr_line' id='line_1_12' title="bbox 281 1474 1079 1551; baseline -0.001 -14"><span class='ocrx_word' id='word_1_64' title='bbox 281 1481 430 1538; x_wconf 89' lang='lat' dir='ltr'>Incensae</span> <span class='ocrx_word' id='word_1_65' title='bbox 443 1499 452 1551; x_wconf 81' lang='lat'><em>3</em></span> <span class='ocrx_word' id='word_1_66' title='bbox 472 1474 639 1549; x_wconf 75' lang='lat' dir='ltr'>moriamur,</span> <span class='ocrx_word' id='word_1_67' title='bbox 655 1486 686 1536; x_wconf 92' lang='lat' dir='ltr'>et</span> <span class='ocrx_word' id='word_1_68' title='bbox 699 1475 730 1535; x_wconf 93' lang='lat' dir='ltr'>in</span> <span class='ocrx_word' id='word_1_69' title='bbox 744 1474 844 1536; x_wconf 87' lang='lat' dir='ltr'>media</span> <span class='ocrx_word' id='word_1_70' title='bbox 858 1495 939 1535; x_wconf 87' lang='lat' dir='ltr'>arma</span> <span class='ocrx_word' id='word_1_71' title='bbox 953 1495 1079 1538; x_wconf 85' lang='lat' dir='ltr'>ruamus</span> 
     </span>
    </p>

    <p class='ocr_par' dir='ltr' id='par_1_12' title="bbox 281 1568 968 1646">
     <span class='ocr_line' id='line_1_13' title="bbox 281 1568 968 1646; baseline -0.004 -15"><span class='ocrx_word' id='word_1_72' title='bbox 281 1573 354 1631; x_wconf 90' lang='lat' dir='ltr'>Una</span> <span class='ocrx_word' id='word_1_73' title='bbox 368 1571 449 1631; x_wconf 90' lang='lat' dir='ltr'>salus</span> <span class='ocrx_word' id='word_1_74' title='bbox 462 1568 557 1642; x_wconf 87' lang='lat' dir='ltr'>victis,</span> <span class='ocrx_word' id='word_1_75' title='bbox 573 1568 687 1627; x_wconf 89' lang='lat' dir='ltr'>nullam</span> <span class='ocrx_word' id='word_1_76' title='bbox 699 1586 819 1646; x_wconf 88' lang='lat' dir='ltr'>sperare</span> <span class='ocrx_word' id='word_1_77' title='bbox 834 1569 968 1628; x_wconf 86' lang='lat' dir='ltr'>salutem.</span> 
     </span>
    </p>

    <p class='ocr_par' dir='ltr' id='par_1_13' title="bbox 282 1659 1357 1740">
     <span class='ocr_line' id='line_1_14' title="bbox 282 1659 1357 1740; baseline -0.003 -17"><span class='ocrx_word' id='word_1_78' title='bbox 282 1664 333 1723; x_wconf 89' lang='lat' dir='ltr'>Sic</span> <span class='ocrx_word' id='word_1_79' title='bbox 347 1662 456 1723; x_wconf 91' lang='lat' dir='ltr'>animis</span> <span class='ocrx_word' id='word_1_80' title='bbox 473 1663 617 1740; x_wconf 87' lang='lat' dir='ltr'>juvenum</span> <span class='ocrx_word' id='word_1_81' title='bbox 632 1661 711 1722; x_wconf 88' lang='lat' dir='ltr'>furor</span> <span class='ocrx_word' id='word_1_82' title='bbox 724 1661 853 1720; x_wconf 89' lang='lat' dir='ltr'>additus.</span> <span class='ocrx_word' id='word_1_83' title='bbox 897 1661 984 1734; x_wconf 90' lang='lat' dir='ltr'>Inde,</span> <span class='ocrx_word' id='word_1_84' title='bbox 999 1659 1060 1737; x_wconf 92' lang='lat' dir='ltr'>lupi</span> <span class='ocrx_word' id='word_1_85' title='bbox 1074 1679 1130 1720; x_wconf 91' lang='lat' dir='ltr'>ceu</span> <span class='ocrx_word' id='word_1_86' title='bbox 1223 1688 1259 1727; x_wconf 75' lang='lat'>3⁵⁵</span> <span class='ocrx_word' id='word_1_87' title='bbox 1353 1669 1357 1678; x_wconf 87' lang='lat'>&#39;</span> 
     </span>
    </p>

    <p class='ocr_par' dir='ltr' id='par_1_14' title="bbox 281 1753 1060 1833">
     <span class='ocr_line' id='line_1_15' title="bbox 281 1753 1060 1833; baseline -0.005 -17"><span class='ocrx_word' id='word_1_88' title='bbox 281 1758 434 1833; x_wconf 91' lang='lat' dir='ltr'>Raptores</span> <span class='ocrx_word' id='word_1_89' title='bbox 450 1765 513 1815; x_wconf 89' lang='lat' dir='ltr'>atra</span> <span class='ocrx_word' id='word_1_90' title='bbox 526 1753 556 1812; x_wconf 95' lang='lat' dir='ltr'>in</span> <span class='ocrx_word' id='word_1_91' title='bbox 572 1754 690 1827; x_wconf 86' lang='lat' dir='ltr'>nebula,</span> <span class='ocrx_word' id='word_1_92' title='bbox 707 1773 783 1830; x_wconf 90' lang='lat' dir='ltr'>qnos</span> <span class='ocrx_word' id='word_1_93' title='bbox 798 1753 934 1830; x_wconf 87' lang='lat' dir='ltr'>improba</span> <span class='ocrx_word' id='word_1_94' title='bbox 946 1753 1060 1814; x_wconf 88' lang='lat' dir='ltr'>ventris</span> 
     </span>
    </p>

    <p class='ocr_par' dir='ltr' id='par_1_15' title="bbox 283 1845 909 1927">
     <span class='ocr_line' id='line_1_16' title="bbox 283 1845 909 1927; baseline -0.003 -19"><span class='ocrx_word' id='word_1_95' title='bbox 283 1849 391 1927; x_wconf 87' lang='lat' dir='ltr'>Exegit</span> <span class='ocrx_word' id='word_1_96' title='bbox 404 1866 513 1908; x_wconf 90' lang='lat' dir='ltr'>caecos</span> <span class='ocrx_word' id='word_1_97' title='bbox 526 1846 635 1920; x_wconf 84' lang='lat' dir='ltr'>rabies,</span> <span class='ocrx_word' id='word_1_98' title='bbox 650 1847 800 1923; x_wconf 85' lang='lat' dir='ltr'>catulique</span> <span class='ocrx_word' id='word_1_99' title='bbox 814 1845 909 1908; x_wconf 89' lang='lat' dir='ltr'>relicti</span> 
     </span>
    </p>

    <p class='ocr_par' dir='ltr' id='par_1_16' title="bbox 282 1939 1068 2018">
     <span class='ocr_line' id='line_1_17' title="bbox 282 1939 1068 2018; baseline 0 -17"><span class='ocrx_word' id='word_1_100' title='bbox 282 1942 432 2001; x_wconf 88' lang='lat' dir='ltr'>Faucibus</span> <span class='ocrx_word' id='word_1_101' title='bbox 447 1948 624 2018; x_wconf 85' lang='lat' dir='ltr'>exspectant</span> <span class='ocrx_word' id='word_1_102' title='bbox 638 1939 733 2013; x_wconf 86' lang='lat' dir='ltr'>siccis,</span> <span class='ocrx_word' id='word_1_103' title='bbox 749 1959 804 2017; x_wconf 90' lang='lat' dir='ltr'>per</span> <span class='ocrx_word' id='word_1_104' title='bbox 816 1941 884 2014; x_wconf 82' lang='lat' dir='ltr'>tela,</span> <span class='ocrx_word' id='word_1_105' title='bbox 900 1959 954 2018; x_wconf 91' lang='lat' dir='ltr'>per</span> <span class='ocrx_word' id='word_1_106' title='bbox 966 1939 1068 2000; x_wconf 85' lang='lat' dir='ltr'>hostes</span> 
     </span>
    </p>

    <p class='ocr_par' dir='ltr' id='par_1_17' title="bbox 281 2032 1197 2110">
     <span class='ocr_line' id='line_1_18' title="bbox 281 2032 1197 2110; baseline 0 -18"><span class='ocrx_word' id='word_1_107' title='bbox 281 2034 429 2094; x_wconf 91' lang='lat' dir='ltr'>Vadimus</span> <span class='ocrx_word' id='word_1_108' title='bbox 443 2035 524 2093; x_wconf 90' lang='lat' dir='ltr'>haud</span> <span class='ocrx_word' id='word_1_109' title='bbox 538 2033 661 2094; x_wconf 88' lang='lat' dir='ltr'>dubiam</span> <span class='ocrx_word' id='word_1_110' title='bbox 675 2032 707 2092; x_wconf 90' lang='lat' dir='ltr'>in</span> <span class='ocrx_word' id='word_1_111' title='bbox 720 2043 856 2106; x_wconf 89' lang='lat' dir='ltr'>mortem,</span> <span class='ocrx_word' id='word_1_112' title='bbox 872 2033 1047 2110; x_wconf 88' lang='lat' dir='ltr'>mediaeque</span> <span class='ocrx_word' id='word_1_113' title='bbox 1063 2041 1197 2092; x_wconf 87' lang='lat' dir='ltr'>tenemus</span> 
     </span>
    </p>

    <p class='ocr_par' dir='ltr' id='par_1_18' title="bbox 283 2126 1261 2202">
     <span class='ocr_line' id='line_1_19' title="bbox 283 2126 1261 2202; baseline 0 -14"><span class='ocrx_word' id='word_1_114' title='bbox 283 2127 376 2188; x_wconf 88' lang='lat' dir='ltr'>Urbis</span> <span class='ocrx_word' id='word_1_115' title='bbox 390 2127 465 2202; x_wconf 70' lang='lat' dir='ltr'>iter,</span> <span class='ocrx_word' id='word_1_116' title='bbox 486 2147 547 2187; x_wconf 88' lang='lat' dir='ltr'>nox</span> <span class='ocrx_word' id='word_1_117' title='bbox 560 2137 623 2186; x_wconf 90' lang='lat' dir='ltr'>atra</span> <span class='ocrx_word' id='word_1_118' title='bbox 637 2147 711 2186; x_wconf 86' lang='lat' dir='ltr'>cava</span> <span class='ocrx_word' id='word_1_119' title='bbox 724 2127 917 2186; x_wconf 89' lang='lat' dir='ltr'>circumvolat</span> <span class='ocrx_word' id='word_1_120' title='bbox 932 2126 1044 2186; x_wconf 88' lang='lat' dir='ltr'>umbra.</span> <span class='ocrx_word' id='word_1_121' title='bbox 1223 2137 1261 2188; x_wconf 82' lang='lat'>³⁶0</span> 
     </span>
    </p>

    <p class='ocr_par' dir='ltr' id='par_1_19' title="bbox 283 2219 1011 2296">
     <span class='ocr_line' id='line_1_20' title="bbox 283 2219 1011 2296; baseline -0.003 -16"><span class='ocrx_word' id='word_1_122' title='bbox 283 2221 361 2296; x_wconf 91' lang='lat' dir='ltr'>Quis</span> <span class='ocrx_word' id='word_1_123' title='bbox 374 2221 492 2281; x_wconf 87' lang='lat' dir='ltr'>cladem</span> <span class='ocrx_word' id='word_1_124' title='bbox 506 2221 585 2280; x_wconf 92' lang='lat' dir='ltr'>illius</span> <span class='ocrx_word' id='word_1_125' title='bbox 600 2221 705 2294; x_wconf 88' lang='lat' dir='ltr'>noctis,</span> <span class='ocrx_word' id='word_1_126' title='bbox 722 2219 788 2296; x_wconf 85' lang='lat' dir='ltr'>quis</span> <span class='ocrx_word' id='word_1_127' title='bbox 803 2219 907 2279; x_wconf 83' lang='lat' dir='ltr'>funera</span> <span class='ocrx_word' id='word_1_128' title='bbox 920 2219 1011 2280; x_wconf 85' lang='lat' dir='ltr'>fando</span> 
     </span>
    </p>

    <p class='ocr_par' dir='ltr' id='par_1_20' title="bbox 284 2311 1044 2392">
     <span class='ocr_line' id='line_1_21' title="bbox 284 2311 1044 2392; baseline -0.001 -18"><span class='ocrx_word' id='word_1_129' title='bbox 284 2314 430 2392; x_wconf 84' lang='lat' dir='ltr'>Explicet,</span> <span class='ocrx_word' id='word_1_130' title='bbox 445 2323 496 2375; x_wconf 90' lang='lat' dir='ltr'>aut</span> <span class='ocrx_word' id='word_1_131' title='bbox 509 2313 605 2392; x_wconf 91' lang='lat' dir='ltr'>possit</span> <span class='ocrx_word' id='word_1_132' title='bbox 619 2314 748 2375; x_wconf 88' lang='lat' dir='ltr'>lacrimis</span> <span class='ocrx_word' id='word_1_133' title='bbox 763 2331 891 2389; x_wconf 88' lang='lat' dir='ltr'>aequare</span> <span class='ocrx_word' id='word_1_134' title='bbox 904 2311 1044 2373; x_wconf 87' lang='lat' dir='ltr'>labores?</span> 
     </span>
    </p>

    <p class='ocr_par' dir='ltr' id='par_1_21' title="bbox 284 2406 1077 2483">
     <span class='ocr_line' id='line_1_22' title="bbox 284 2406 1077 2483; baseline -0.003 -16"><span class='ocrx_word' id='word_1_135' title='bbox 284 2408 368 2467; x_wconf 92' lang='lat' dir='ltr'>Urbs</span> <span class='ocrx_word' id='word_1_136' title='bbox 382 2407 507 2483; x_wconf 87' lang='lat' dir='ltr'>antiqua</span> <span class='ocrx_word' id='word_1_137' title='bbox 521 2407 586 2480; x_wconf 91' lang='lat' dir='ltr'>ruit,</span> <span class='ocrx_word' id='word_1_138' title='bbox 605 2408 715 2467; x_wconf 90' lang='lat' dir='ltr'>multos</span> <span class='ocrx_word' id='word_1_139' title='bbox 730 2406 883 2466; x_wconf 88' lang='lat' dir='ltr'>dominata</span> <span class='ocrx_word' id='word_1_140' title='bbox 896 2424 949 2482; x_wconf 91' lang='lat' dir='ltr'>per</span> <span class='ocrx_word' id='word_1_141' title='bbox 963 2424 1077 2480; x_wconf 82' lang='lat' dir='ltr'>annos3</span> 
     </span>
    </p>

    <p class='ocr_par' dir='ltr' id='par_1_22' title="bbox 284 2498 1045 2576">
     <span class='ocr_line' id='line_1_23' title="bbox 284 2498 1045 2576; baseline -0.004 -16"><span class='ocrx_word' id='word_1_142' title='bbox 284 2500 415 2560; x_wconf 87' lang='lat' dir='ltr'>Plurima</span> <span class='ocrx_word' id='word_1_143' title='bbox 429 2518 541 2576; x_wconf 92' lang='lat' dir='ltr'>perque</span> <span class='ocrx_word' id='word_1_144' title='bbox 555 2500 619 2559; x_wconf 89' lang='lat' dir='ltr'>vias</span> <span class='ocrx_word' id='word_1_145' title='bbox 633 2510 803 2559; x_wconf 90' lang='lat' dir='ltr'>sternuntur</span> <span class='ocrx_word' id='word_1_146' title='bbox 816 2498 921 2559; x_wconf 89' lang='lat' dir='ltr'>inertia</span> <span class='ocrx_word' id='word_1_147' title='bbox 934 2499 1045 2576; x_wconf 90' lang='lat' dir='ltr'>passim</span> 
     </span>
    </p>

    <p class='ocr_par' dir='ltr' id='par_1_23' title="bbox 131 2592 1261 2930">
     <span class='ocr_line' id='line_1_24' title="bbox 285 2592 1261 2671; baseline 0.004 -17"><span class='ocrx_word' id='word_1_148' title='bbox 285 2595 421 2669; x_wconf 86' lang='lat' dir='ltr'>Corpora</span> <span class='ocrx_word' id='word_1_149' title='bbox 434 2607 547 2669; x_wconf 90' lang='lat' dir='ltr'>perque</span> <span class='ocrx_word' id='word_1_150' title='bbox 561 2594 668 2653; x_wconf 90' lang='lat' dir='ltr'>domos</span> <span class='ocrx_word' id='word_1_151' title='bbox 682 2601 713 2653; x_wconf 92' lang='lat' dir='ltr'>et</span> <span class='ocrx_word' id='word_1_152' title='bbox 726 2592 866 2671; x_wconf 89' lang='lat' dir='ltr'>religiosa</span> <span class='ocrx_word' id='word_1_153' title='bbox 879 2593 1002 2653; x_wconf 91' lang='lat' dir='ltr'>deorum</span> <span class='ocrx_word' id='word_1_154' title='bbox 1225 2608 1261 2657; x_wconf 76' lang='lat'>3⁶⁵</span> 
     </span>
     <span class='ocr_line' id='line_1_25' title="bbox 129 2684 1105 2773; baseline 0 -28"><span class='ocrx_word' id='word_1_155' title='bbox 129 2721 196 2766; x_wconf 99' lang='grc' dir='ltr'><em>Γ</em></span> <span class='ocrx_word' id='word_1_156' title='bbox 286 2685 411 2745; x_wconf 89' lang='lat' dir='ltr'>Limina.</span> <span class='ocrx_word' id='word_1_157' title='bbox 455 2687 520 2745; x_wconf 93' lang='lat' dir='ltr'>Nec</span> <span class='ocrx_word' id='word_1_158' title='bbox 535 2684 590 2745; x_wconf 93' lang='lat' dir='ltr'>soli</span> <span class='ocrx_word' id='word_1_159' title='bbox 603 2704 806 2773; x_wconf 84' lang='lat' dir='ltr'>poenas</span> <span class='ocrx_word' id='word_1_160' title='bbox 731 2686 805 2746; x_wconf 88' lang='lat' dir='ltr'>dant</span> <span class='ocrx_word' id='word_1_161' title='bbox 793 2685 962 2763; x_wconf 85' lang='lat' dir='ltr'>tsanguine</span> <span class='ocrx_word' id='word_1_162' title='bbox 977 2688 1105 2763; x_wconf 80' lang='lat' dir='ltr'>Teucri3</span> 
     </span>
     <span class='ocr_line' id='line_1_26' title="bbox 131 2773 1083 2930; baseline 0.001 -92"><span class='ocrx_word' id='word_1_163' title='bbox 131 2815 134 2826; x_wconf 56' lang='grc' dir='ltr'><strong>ι</strong></span> <span class='ocrx_word' id='word_1_164' title='bbox 162 2853 166 2864; x_wconf 88' lang='lat'><strong>.</strong></span> <span class='ocrx_word' id='word_1_165' title='bbox 234 2779 447 2930; x_wconf 46' lang='lat' dir='ltr'>garantiam</span> <span class='ocrx_word' id='word_1_166' title='bbox 462 2779 552 2837; x_wconf 89' lang='lat' dir='ltr'>etiam</span> <span class='ocrx_word' id='word_1_167' title='bbox 564 2779 651 2842; x_wconf 86' lang='lat' dir='ltr'>victrs</span> <span class='ocrx_word' id='word_1_168' title='bbox 620 2773 765 2839; x_wconf 80' lang='lat' dir='ltr'>redit&#39;</span> <span class='ocrx_word' id='word_1_169' title='bbox 757 2798 788 2839; x_wconf 87' lang='lat' dir='ltr'>rn</span> <span class='ocrx_word' id='word_1_170' title='bbox 803 2780 977 2856; x_wconf 87' lang='lat' dir='ltr'>praecordia</span> <span class='ocrx_word' id='word_1_171' title='bbox 991 2781 1083 2840; x_wconf 90' lang='lat' dir='ltr'>virtus</span> 
     </span>
    </p>

    <p class='ocr_par' dir='ltr' id='par_1_24' title="bbox 316 2872 1038 2949">
     <span class='ocr_line' id='line_1_27' title="bbox 316 2872 1038 2949; baseline 0.004 -19"><span class='ocrx_word' id='word_1_172' title='bbox 316 2873 483 2949; x_wconf 88' lang='lat' dir='ltr'>ictoresque</span> <span class='ocrx_word' id='word_1_173' title='bbox 498 2872 609 2933; x_wconf 87' lang='lat' dir='ltr'>cadunt</span> <span class='ocrx_word' id='word_1_174' title='bbox 624 2872 730 2935; x_wconf 86' lang='lat' dir='ltr'>Danai.</span> <span class='ocrx_word' id='word_1_175' title='bbox 775 2873 914 2934; x_wconf 89' lang='lat' dir='ltr'>Crudelis</span> <span class='ocrx_word' id='word_1_176' title='bbox 927 2873 1038 2949; x_wconf 90' lang='lat' dir='ltr'>ubique</span> 
     </span>
    </p>

    <p class='ocr_par' dir='ltr' id='par_1_25' title="bbox 287 2965 1074 3044">
     <span class='ocr_line' id='line_1_28' title="bbox 287 2965 1074 3044; baseline 0.001 -20"><span class='ocrx_word' id='word_1_177' title='bbox 287 2967 408 3038; x_wconf 89' lang='lat' dir='ltr'>Luctus,</span> <span class='ocrx_word' id='word_1_178' title='bbox 424 2965 534 3042; x_wconf 92' lang='lat' dir='ltr'>ubique</span> <span class='ocrx_word' id='word_1_179' title='bbox 546 2985 649 3042; x_wconf 89' lang='lat' dir='ltr'>pavor,</span> <span class='ocrx_word' id='word_1_180' title='bbox 665 2976 696 3028; x_wconf 92' lang='lat' dir='ltr'>et</span> <span class='ocrx_word' id='word_1_181' title='bbox 709 2966 837 3043; x_wconf 86' lang='lat' dir='ltr'>plurima</span> <span class='ocrx_word' id='word_1_182' title='bbox 851 2966 953 3026; x_wconf 86' lang='lat' dir='ltr'>mortis</span> <span class='ocrx_word' id='word_1_183' title='bbox 967 2966 1074 3044; x_wconf 86' lang='lat' dir='ltr'>imago.</span> 
     </span>
    </p>

    <p class='ocr_par' dir='ltr' id='par_1_26' title="bbox 329 3057 1263 3140">
     <span class='ocr_line' id='line_1_29' title="bbox 329 3057 1263 3140; baseline 0.002 -23"><span class='ocrx_word' id='word_1_184' title='bbox 329 3057 445 3117; x_wconf 88' lang='lat' dir='ltr'>Primus</span> <span class='ocrx_word' id='word_1_185' title='bbox 459 3076 499 3132; x_wconf 90' lang='lat' dir='ltr'>se,</span> <span class='ocrx_word' id='word_1_186' title='bbox 516 3060 655 3121; x_wconf 90' lang='lat' dir='ltr'>Danaum</span> <span class='ocrx_word' id='word_1_187' title='bbox 668 3079 776 3140; x_wconf 87' lang='lat' dir='ltr'>magna</span> <span class='ocrx_word' id='word_1_188' title='bbox 791 3060 952 3120; x_wconf 88' lang='lat' dir='ltr'>comitante</span> <span class='ocrx_word' id='word_1_189' title='bbox 963 3070 1092 3133; x_wconf 89' lang='lat' dir='ltr'>caterva,</span> <span class='ocrx_word' id='word_1_190' title='bbox 1200 3090 1203 3098; x_wconf 92' lang='lat'>·</span> <span class='ocrx_word' id='word_1_191' title='bbox 1226 3090 1263 3129; x_wconf 83' lang='lat'>³⁷0</span> 
     </span>
    </p>

    <p class='ocr_par' dir='ltr' id='par_1_27' title="bbox 288 3152 1045 3233">
     <span class='ocr_line' id='line_1_30' title="bbox 288 3152 1045 3233; baseline 0.004 -22"><span class='ocrx_word' id='word_1_192' title='bbox 288 3152 468 3230; x_wconf 88' lang='lat' dir='ltr'>Androgeos</span> <span class='ocrx_word' id='word_1_193' title='bbox 482 3153 568 3212; x_wconf 83' lang='lat' dir='ltr'>offert</span> <span class='ocrx_word' id='word_1_194' title='bbox 582 3154 677 3227; x_wconf 85' lang='lat' dir='ltr'>uobis,</span> <span class='ocrx_word' id='word_1_195' title='bbox 690 3154 771 3213; x_wconf 89' lang='lat' dir='ltr'>socia</span> <span class='ocrx_word' id='word_1_196' title='bbox 785 3153 905 3233; x_wconf 84' lang='lat' dir='ltr'>agmina</span> <span class='ocrx_word' id='word_1_197' title='bbox 918 3154 1045 3215; x_wconf 79' lang='lat' dir='ltr'>credens</span> 
     </span>
    </p>

    <p class='ocr_par' dir='ltr' id='par_1_28' title="bbox 288 3244 1032 3351">
     <span class='ocr_line' id='line_1_31' title="bbox 288 3244 1032 3351; baseline 0.003 -47"><span class='ocrx_word' id='word_1_198' title='bbox 288 3244 414 3317; x_wconf 90' lang='lat' dir='ltr'>Inscius,</span> <span class='ocrx_word' id='word_1_199' title='bbox 430 3254 519 3351; x_wconf 85' lang='lat' dir='ltr'>atque</span> <span class='ocrx_word' id='word_1_200' title='bbox 533 3246 611 3308; x_wconf 87' lang='lat' dir='ltr'>ultro</span> <span class='ocrx_word' id='word_1_201' title='bbox 623 3247 721 3307; x_wconf 88' lang='lat' dir='ltr'>verbis</span> <span class='ocrx_word' id='word_1_202' title='bbox 735 3248 897 3325; x_wconf 87' lang='lat' dir='ltr'>compellat</span> <span class='ocrx_word' id='word_1_203' title='bbox 910 3246 1032 3307; x_wconf 91' lang='lat' dir='ltr'>amicis:</span> 
     </span>
    </p>

    <p class='ocr_par' dir='ltr' id='par_1_29' title="bbox 289 3336 1045 3415">
     <span class='ocr_line' id='line_1_32' title="bbox 289 3336 1045 3415; baseline 0.007 -21"><span class='ocrx_word' id='word_1_204' title='bbox 289 3336 450 3411; x_wconf 90' lang='lat' dir='ltr'>Festinate,</span> <span class='ocrx_word' id='word_1_205' title='bbox 465 3337 528 3397; x_wconf 87' lang='lat' dir='ltr'>viri.</span> <span class='ocrx_word' id='word_1_206' title='bbox 572 3340 651 3398; x_wconf 84' lang='lat' dir='ltr'>Nam</span> <span class='ocrx_word' id='word_1_207' title='bbox 666 3358 743 3415; x_wconf 86' lang='lat' dir='ltr'>quae</span> <span class='ocrx_word' id='word_1_208' title='bbox 757 3348 819 3400; x_wconf 87' lang='lat' dir='ltr'>tam</span> <span class='ocrx_word' id='word_1_209' title='bbox 834 3359 900 3400; x_wconf 85' lang='lat' dir='ltr'>sera</span> <span class='ocrx_word' id='word_1_210' title='bbox 914 3349 1045 3399; x_wconf 87' lang='lat' dir='ltr'>moratur</span> 
     </span>
    </p>

    <p class='ocr_par' dir='ltr' id='par_1_30' title="bbox 290 3428 1039 3537">
     <span class='ocr_line' id='line_1_33' title="bbox 290 3428 1039 3537; baseline 0.008 -50"><span class='ocrx_word' id='word_1_211' title='bbox 290 3428 463 3537; x_wconf 84' lang='lat' dir='ltr'>Segnities?</span> <span class='ocrx_word' id='word_1_212' title='bbox 490 3429 559 3502; x_wconf 59' lang='lat' dir='ltr'>tulii</span> <span class='ocrx_word' id='word_1_213' title='bbox 571 3432 689 3507; x_wconf 86' lang='lat' dir='ltr'>rapiunt</span> <span class='ocrx_word' id='word_1_214' title='bbox 702 3432 826 3493; x_wconf 84' lang='lat' dir='ltr'>incensa</span> <span class='ocrx_word' id='word_1_215' title='bbox 839 3428 1039 3509; x_wconf 82' lang='lat' dir='ltr'>feruntque</span> 
     </span>
    </p>

    <p class='ocr_par' dir='ltr' id='par_1_31' title="bbox 290 3499 1209 3632">
     <span class='ocr_line' id='line_1_34' title="bbox 290 3499 1209 3632; baseline 0.005 -52"><span class='ocrx_word' id='word_1_216' title='bbox 290 3499 463 3599; x_wconf 83' lang='lat' dir='ltr'>Pergama,&#39;</span> <span class='ocrx_word' id='word_1_217' title='bbox 473 3542 528 3590; x_wconf 88' lang='lat' dir='ltr'>vos</span> <span class='ocrx_word' id='word_1_218' title='bbox 538 3524 630 3591; x_wconf 86' lang='lat' dir='ltr'>celsis</span> <span class='ocrx_word' id='word_1_219' title='bbox 644 3544 724 3585; x_wconf 90' lang='lat' dir='ltr'>nunc</span> <span class='ocrx_word' id='word_1_220' title='bbox 737 3525 865 3632; x_wconf 79' lang='lat' dir='ltr'>primum</span> <span class='ocrx_word' id='word_1_221' title='bbox 879 3546 898 3585; x_wconf 88' lang='lat' dir='ltr'>a</span> <span class='ocrx_word' id='word_1_222' title='bbox 910 3525 1057 3585; x_wconf 84' lang='lat' dir='ltr'>navibus</span> <span class='ocrx_word' id='word_1_223' title='bbox 1050 3525 1110 3585; x_wconf 88' lang='lat' dir='ltr'>rtis.</span> <span class='ocrx_word' id='word_1_224' title='bbox 1207 3586 1209 3594; x_wconf 19' lang='grc' dir='ltr'><em>Γ</em></span> 
     </span>
    </p>

    <p class='ocr_par' dir='ltr' id='par_1_32' title="bbox 289 3614 1127 3695">
     <span class='ocr_line' id='line_1_35' title="bbox 289 3614 1127 3695; baseline 0.007 -22"><span class='ocrx_word' id='word_1_225' title='bbox 289 3614 382 3688; x_wconf 84' lang='lat' dir='ltr'>Dixit,</span> <span class='ocrx_word' id='word_1_226' title='bbox 398 3624 429 3684; x_wconf 90' lang='lat' dir='ltr'>et</span> <span class='ocrx_word' id='word_1_227' title='bbox 442 3616 600 3693; x_wconf 80' lang='lat' dir='ltr'>extemplo,</span> <span class='ocrx_word' id='word_1_228' title='bbox 616 3636 714 3694; x_wconf 88' lang='lat' dir='ltr'>neque</span> <span class='ocrx_word' id='word_1_229' title='bbox 728 3619 809 3679; x_wconf 89' lang='lat' dir='ltr'>enim</span> <span class='ocrx_word' id='word_1_230' title='bbox 823 3638 967 3695; x_wconf 87' lang='lat' dir='ltr'>responsa</span> <span class='ocrx_word' id='word_1_231' title='bbox 981 3619 1127 3679; x_wconf 90' lang='lat' dir='ltr'>dabantur</span> 
     </span>
    </p>

    <p class='ocr_par' dir='ltr' id='par_1_33' title="bbox 290 3707 1024 3790">
     <span class='ocr_line' id='line_1_36' title="bbox 290 3707 1024 3790; baseline 0.007 -24"><span class='ocrx_word' id='word_1_232' title='bbox 290 3707 366 3768; x_wconf 90' lang='lat' dir='ltr'>Fida</span> <span class='ocrx_word' id='word_1_233' title='bbox 379 3709 460 3783; x_wconf 85' lang='lat' dir='ltr'>satis,</span> <span class='ocrx_word' id='word_1_234' title='bbox 475 3710 570 3771; x_wconf 91' lang='lat' dir='ltr'>sensit</span> <span class='ocrx_word' id='word_1_235' title='bbox 583 3711 699 3772; x_wconf 90' lang='lat' dir='ltr'>medios</span> <span class='ocrx_word' id='word_1_236' title='bbox 713 3712 877 3790; x_wconf 89' lang='lat' dir='ltr'>delapsus</span> <span class='ocrx_word' id='word_1_237' title='bbox 869 3731 901 3771; x_wconf 80' lang='lat' dir='ltr'>in</span> <span class='ocrx_word' id='word_1_238' title='bbox 915 3713 1024 3771; x_wconf 85' lang='lat' dir='ltr'>hostes.</span> 
     </span>
    </p>

    <p class='ocr_par' dir='ltr' id='par_1_34' title="bbox 291 3800 1070 3883">
     <span class='ocr_line' id='line_1_37' title="bbox 291 3800 1070 3883; baseline 0.006 -24"><span class='ocrx_word' id='word_1_239' title='bbox 291 3800 462 3878; x_wconf 90' lang='lat' dir='ltr'>Obstupuit,</span> <span class='ocrx_word' id='word_1_240' title='bbox 478 3811 615 3880; x_wconf 81' lang='lat' dir='ltr'>retroque</span> <span class='ocrx_word' id='word_1_241' title='bbox 629 3804 738 3881; x_wconf 87' lang='lat' dir='ltr'>pedem</span> <span class='ocrx_word' id='word_1_242' title='bbox 752 3824 821 3865; x_wconf 91' lang='lat' dir='ltr'>cum</span> <span class='ocrx_word' id='word_1_243' title='bbox 835 3806 909 3865; x_wconf 89' lang='lat' dir='ltr'>voc&#39;e</span> <span class='ocrx_word' id='word_1_244' title='bbox 924 3806 1070 3883; x_wconf 91' lang='lat' dir='ltr'>repressit.</span> 
     </span>
    </p>
   </div>
   <div class='ocr_carea' id='block_1_3' title="bbox 0 0 1520 4700">
    <p class='ocr_par' dir='ltr' id='par_1_35' title="bbox 0 0 1520 4700">
     <span class='ocr_line' id='line_1_38' title="bbox 0 0 1520 4700; baseline 0 0"><span class='ocrx_word' id='word_1_245' title='bbox 0 0 1520 4700; x_wconf 95' lang='lat' dir='ltr'> </span> 
     </span>
    </p>
   </div>
  </div>
 </body>
</html>
