3017 4700
570 442 731 488 BUCOLICA.
754 443 819 487 ECL.
838 444 858 486 1.

232 595 302 652 Non
317 591 432 652 insueta
445 609 548 668 graves
563 589 719 650 tentabunt
732 589 842 666 pabula
855 588 938 663 fetas,

232 687 297 743 Nec
311 684 389 743 mala
403 682 491 742 vicini
506 683 621 759 pecoris
635 681 774 760 contagia
787 682 914 741 laedent.

232 781 391 838 Fortunate
407 795 505 849 senex,
520 776 577 849 hic,
593 775 669 835 inter
681 775 805 834 flumina
818 785 891 835 nota

233 873 271 930 Et
285 871 382 930 fontes
396 888 505 942 sacros,
520 869 609 945 frigus
623 867 758 945 captabis
773 871 917 944 opacum!
1004 857 1011 872 ’

233 964 315 1022 Hinc
329 962 391 1036 tibi,
408 981 483 1038 quae
499 981 622 1039 semper,
638 959 737 1020 vicino
751 962 791 1020 ab
804 959 904 1034 limite,
921 978 1026 1038 saepes

233 1055 378 1132 Hyblaeis
393 1055 497 1132 apibus
511 1055 615 1115 florem
630 1055 755 1130 depasta
769 1053 871 1127 salicti,

233 1150 327 1225 Saepe
336 1147 394 1208 levi
409 1166 544 1219 somnum
559 1147 694 1207 suadebit
708 1146 781 1206 inire
795 1165 932 1220 susurro;

233 1242 316 1300 Hinc
330 1243 390 1300 alta
403 1241 457 1300 sub
472 1259 544 1317 nipe
558 1250 644 1327 canet
658 1239 810 1300 frondator
824 1240 861 1299 ad
877 1258 979 1315 auras;

233 1336 299 1394 Nec
313 1345 411 1394 tamen
426 1333 537 1392 interea
550 1351 663 1406 raucae,
680 1343 730 1392 tua
744 1351 821 1405 cura,
837 1334 1000 1410 palumbes,

234 1430 298 1487 Nec
311 1446 427 1504 gemere
442 1426 520 1486 aeria
533 1425 661 1486 cessabit
675 1436 768 1486 turtur
780 1426 819 1485 ab
830 1427 919 1486 ulmo.

322 1524 325 1530 ’
561 1537 563 1542 “
658 1549 819 1586 maurus
875 1551 879 1558 ·

233 1619 312 1675 Ante
327 1617 406 1675 leves
421 1634 492 1692 ergo
506 1625 663 1692 pascentur
675 1614 706 1673 in
721 1615 839 1674 aethere
854 1614 941 1689 cervi,

180 1739 183 1747 ·
234 1712 271 1768 Et
285 1710 359 1768 freta
372 1708 531 1768 destituent
545 1709 641 1767 nudos
656 1707 686 1766 in
700 1708 786 1768 litore
799 1706 905 1785 pisces,

233 1805 321 1875 Ante,
336 1802 489 1878 pererratis
505 1801 659 1860 ambomm
671 1800 788 1874 finibus,
804 1800 888 1860 exsul

234 1898 295 1955 Aut
307 1894 422 1954 Ararim
437 1894 561 1953 Parthus
575 1892 666 1967 bibet,
682 1904 732 1953 aut
747 1893 908 1954 Germania
922 1891 1042 1970 Tigrim,

233 1989 331 2064 Quam
345 1997 446 2047 nostro
457 1985 533 2046 illius
547 1987 662 2046 labatur
674 1996 795 2063 pectore
807 1987 913 2045 vultus

636 2109 800 2147 MELIBOEUS.

234 2182 275 2239 At
289 2198 343 2238 nos
357 2177 427 2238 hinc
441 2177 489 2238 alii
504 2175 635 2236 sitientes
649 2176 757 2236 ibimus
772 2176 869 2248 Afros,

235 2275 305 2332 Pars
319 2271 467 2349 Scythiam
482 2281 511 2330 et
525 2269 659 2346 rapidum
674 2271 782 2330 Cretae
795 2269 949 2328 veniemus
964 2251 1077 2341 Oaxdn,

236 2370 273 2427 Et
287 2367 403 2444 penitus
418 2378 482 2426 toto
496 2366 606 2425 divisos
621 2366 692 2424 orbe
708 2364 872 2424 Britannos.

235 2463 280 2519 En
295 2479 434 2535 umquam
447 2458 557 2536 patrios
572 2460 662 2535 longo
676 2467 744 2534 post
758 2467 891 2534 ternpore
906 2457 989 2529 fines,

234 2552 374 2630 Pauperis
389 2562 419 2612 et
433 2552 527 2629 tuguri
541 2560 714 2629 congestum
728 2551 859 2628 caespite
873 2550 999 2622 culmen,

235 2650 307 2707 Post
321 2644 441 2722 aliquot,
457 2664 523 2705 mea
537 2663 627 2727 regna
639 2644 752 2717 videns,
769 2643 897 2703 mirabor
910 2642 1033 2702 aristas?

189 2758 194 2769 ·
235 2741 349 2817 Impius
363 2740 437 2799 haec
451 2750 511 2798 tarn
525 2740 604 2798 culta
617 2738 736 2797 novalia
749 2738 834 2797 miles
848 2736 990 2796 habebit?

235 2835 378 2893 Barbarus
392 2833 445 2892 has
461 2834 595 2910 segetes?
636 2834 691 2905 En,
708 2850 768 2907 quo
783 2829 931 2890 discordia
944 2830 1024 2888 cives

236 2925 377 2986 Produxit
391 2925 529 2984 miseros!
552 2943 598 2997 en,
614 2925 680 3001 quis
694 2922 881 2984 consevimus
896 2926 998 2999 agros!

129 3038 131 3043 ·
236 3023 337 3080 Insere
351 3038 438 3091 nunc,
456 3019 616 3092 Meliboee,
631 3019 719 3095 piros,
735 3036 815 3093 pone
830 3016 933 3076 ordine
948 3016 1030 3074 vites.

236 3116 282 3174 Ite
297 3132 388 3187 meae,
404 3110 472 3171 felix
487 3112 637 3189 quondam
652 3130 752 3189 pecus,
768 3110 809 3169 ite
823 3110 964 3185 capellae.

235 3210 306 3267 Non
321 3224 377 3283 ego
390 3224 444 3265 vos
458 3206 590 3282 posthac,
606 3204 691 3264 viridi
705 3205 853 3282 projectus
868 3202 899 3261 in
913 3212 1007 3274 antro,

237 3302 370 3359 Dumosa
383 3299 513 3377 pendere
528 3297 630 3376 procul
645 3300 682 3358 de
696 3316 769 3373 rupe
783 3296 912 3369 videbo;

237 3392 375 3453 Carmina
388 3392 468 3451 nulla
482 3410 606 3464 canam;
626 3409 696 3463 non,
712 3410 760 3449 me
774 3399 924 3466 pascente,
940 3387 1081 3465 capellae,

161 3521 165 3527 ι
237 3487 405 3545 Florentem
419 3484 543 3563 cytisum
558 3494 587 3543 et
602 3485 705 3543 salices
721 3481 846 3559 carpetis
860 3498 980 3540 amaras.

660 3606 785 3643 TITYRUS.

238 3674 300 3734 Hic
313 3686 412 3735 tamen
427 3675 504 3733 hane
518 3691 634 3732 mecum
648 3681 767 3747 poteras
782 3669 966 3746 requiescere
979 3679 1099 3729 noctem

238 3769 356 3828 Fronde
370 3786 458 3844 super
471 3766 574 3825 viridi:
595 3776 663 3823 sunt
678 3763 765 3821 nobis
779 3762 861 3822 mitia
874 3781 972 3839 poma,
1009 3798 1012 3804 ·

239 3863 403 3922 Castaneae
417 3860 530 3933 molles,
546 3868 575 3917 et
588 3856 681 3933 pressi
695 3856 783 3933 copia
796 3854 901 3929 laetis3
