3017 4700
485 501 488 508 Δ
563 439 770 482 METAMORPH.
794 423 861 481 arn!
875 437 914 481 ιν.

259 584 385 659 Quoque
400 581 494 660 magis
508 582 622 658 tegitur,
639 592 733 642 tectus
748 584 843 661 magis
857 589 971 645 aestuat
984 583 1068 662 ignis.

192 721 195 730 .
258 677 357 735 Fissus
371 685 434 734 erat
447 675 529 734 tenui
544 675 625 748 rima,
642 694 730 751 quam
745 676 868 735 duxerat
882 677 961 750 olim,

257 770 356 845 Quum
371 770 461 842 fieret,
476 768 574 844 paries
588 768 689 827 domui
703 768 870 827 communis
883 769 1017 845 utrique:

150 849 155 860 ⁹
257 863 294 921 Id
305 862 410 922 ,vitium
425 861 499 919 nulli
513 879 567 937 per
581 861 697 920 saecula
710 861 801 938 longa
814 870 948 919 notatum
957 896 998 904 -

255 955 337 1029 Quid
352 975 412 1014 non
427 955 518 1014 sentit
532 952 778 1030 amori—primi
791 951 907 1020 vidistis
921 965 1064 1028 amantes,

252 1049 294 1107 'Et
307 1049 389 1107 vocis
402 1048 513 1107 fecistis
529 1047 591 1120 iter,
608 1055 748 1121 tutaeque
762 1064 816 1121 per
830 1045 903 1104 illud

256 1142 407 1199 Murmure
421 1140 584 1202 blanditiae
598 1138 721 1197 minimo
736 1138 859 1197 transire
873 1138 1018 1197 solebant.
1200 1167 1226 1203 70

254 1234 357 1310 Saepe,
372 1243 405 1292 ut
419 1233 613 1297 constiterant
626 1230 696 1290 hinc
709 1230 831 1303 Thisbe,
848 1233 988 1308 Pyramus
1002 1229 1092 1306 illinc,

255 1328 351 1401 Inque
364 1326 443 1385 vices
457 1326 552 1385 fuerat
565 1334 700 1402 captatus
714 1323 862 1382 anhelitus
876 1323 944 1396 oriS,

255 1417 367 1492 Invide,
384 1419 531 1491 dicebant,
547 1411 652 1495 paries,
669 1416 739 1493 quid
755 1416 922 1475 amantibus
937 1417 1059 1476 obstas?

222 1519 245 1566 a
254 1511 405 1585 Quantum
420 1521 489 1584 erat,
505 1522 537 1571 ut
551 1501 663 1571 sinereb
679 1529 735 1569 nos
749 1519 814 1568 toto
829 1527 952 1585 corpore
969 1508 1054 1587 jungi
1065 1512 1088 1585 3'

254 1608 315 1664 Aut
328 1607 385 1664 hoc
400 1605 424 1663 si
439 1605 571 1678 nimium,
586 1605 634 1664 vel
649 1604 688 1662 ad
703 1604 806 1664 oscula
819 1602 917 1660 danda
930 1606 1065 1678 pateres!
1199 1630 1223 1668 75

253 1699 282 1756 N
285 1717 319 1757 ec
333 1717 434 1757 sumus
449 1697 571 1775 ingrati:
592 1696 646 1756 tibi
661 1716 716 1756 uos
732 1696 843 1755 debere
857 1695 989 1767 fatemur,

253 1791 343 1865 Quod
358 1791 444 1850 datus
459 1800 505 1850 est
518 1789 616 1850 verbis
632 1790 670 1849 ad
685 1789 796 1849 amicas
812 1787 951 1847 transitus
966 1805 1058 1846 aures.

252 1873 337 1943 Talia
351 1884 467 1943 diversa
480 1883 678 1959 nequicquam
693 1883 765 1942 sede
780 1880 881 1957 locuti,

254 1978 315 2037 Sub
329 1987 447 2036 noctem
461 1977 561 2035 dixere
574 1976 649 2048 vale,
664 1976 799 2052 partique
814 1975 925 2035 dedere

253 2069 364 2129 Oscula
377 2069 501 2145 quisque
516 2087 595 2141 suae,
612 2087 673 2127 non
686 2068 891 2144 pervenientia
905 2078 1015 2128 contra.
1198 2085 1223 2124 a>

254 2163 375 2220 Postera
388 2171 547 2221 nocturnos
562 2163 676 2219 Aurora
690 2169 855 2219 removerat
869 2160 962 2238 ignes,

254 2255 364 2329 Solque
378 2255 532 2331 pruinosas
546 2252 636 2312 radiis
652 2253 812 2312 siccaverat
826 2253 954 2327 herbas,

253 2346 302 2406 Ad
316 2346 435 2408 solitum
449 2347 546 2407 coiere
560 2348 667 2408 locum.
710 2347 789 2405 Tum
803 2365 951 2406 murmure
965 2358 1057 2423 parvo

224 2443 228 2451 “
253 2442 350 2500 Multa
362 2441 443 2517 prius
457 2439 562 2517 questi,
578 2448 719 2513 statuunt,
735 2449 768 2500 ut
781 2449 870 2499 nocte
884 2439 983 2499 silenti
1020 2488 1025 2502 ,

252 2535 364 2595 Fallere
379 2533 519 2593 custodes
533 2533 703 2609 foribusque
717 2533 861 2593 excedere
876 2543 1000 2607 tentent,
1197 2550 1222 2599 ες

252 2626 410 2701 Quumque
425 2626 515 2685 domo
530 2626 661 2698 exierint,
673 2626 755 2685 urbis
770 2644 889 2702 quoque
900 2627 1026 2686 claustra
1036 2625 1222 2705 relinquant,

252 2720 336 2777 Neve
350 2718 389 2778 sit
403 2718 561 2778 errandum
572 2720 635 2805 lato
651 2718 848 2795 spatiantibus
862 2738 941 2792 arvo,

253 2811 440 2871 Conveniant
453 2811 492 2870 ad
507 2812 595 2871 busta
609 2811 689 2884 Nini,
705 2811 875 2888 lateantque
890 2812 946 2871 sub
960 2813 1064 2873 umbra

251 2904 374 2971 Arboris
388 2926 395 2963 ι
415 2904 502 2965 arbor
516 2903 564 2977 ibi,
581 2903 675 2963 niveis
689 2903 836 2963 uberrima
849 2905 955 2981 pomis,

252 2998 355 3056 Ardua
368 3016 468 3057 morus
484 3007 553 3070 erat,
568 2997 668 3075 gelido
683 2996 867 3057 contermina
880 2996 962 3057 fonti.

253 3090 344 3149 Pacta
356 3090 483 3166 placent,
499 3099 530 3149 et
543 3090 600 3163 lux,
617 3090 698 3149 tarde
713 3088 867 3149 discedere
880 3089 953 3163 visa,

252 3182 464 3259 Praecipitatur
477 3183 569 3258 aquiS,
585 3192 615 3241 et
629 3182 714 3258 aquis
728 3202 788 3241 nox
801 3183 892 3261 surgit
906 3184 945 3243 ab
960 3183 1062 3245 isdem.

254 3276 372 3335 Callida
385 3294 438 3351 per
453 3276 590 3335 tenebras
604 3284 721 3335 versato
735 3276 856 3334 cardine
870 3277 983 3336 Thisbe

253 3368 409 3446 Egreditur
423 3368 555 3444 fallitque
570 3385 647 3441 suoS,
664 3368 866 3444 adopertaque
879 3369 993 3429 vultum

252 3462 390 3521 Pervenit
403 3462 442 3520 ad
456 3462 610 3533 tinnulum,
626 3460 764 3536 dictaque
778 3462 833 3519 sub
847 3462 950 3523 arbore
965 3462 1049 3522 sedit
1197 3492 1222 3529 95

252 3556 406 3616 Audacem
420 3556 548 3617 faciebat
562 3573 652 3614 amor.
694 3555 787 3614 Venit
801 3573 871 3614 ecce
885 3556 997 3615 recenti

252 3650 353 3709 Caede
368 3650 472 3709 leaena
485 3650 576 3708 boum
591 3657 765 3724 spumantes
779 3647 871 3707 oblita
884 3648 982 3721 rictus,

253 3743 434 3819 Depositura
447 3742 527 3801 sitim
541 3739 630 3800 vicini
644 3738 733 3799 fontis
748 3740 779 3798 in
793 3741 881 3799 unda
966 3788 968 3794 ,

242 3834 350 3909 Quam
364 3836 468 3911 procul
482 3834 520 3894 ad
535 3833 623 3893 lunae'
637 3832 736 3893 radios
752 3831 916 3910 Babylonia
929 3832 1043 3893 Thisbe
