3017 4700
532 449 739 498 METAMORPH.
762 446 821 496 1313.
846 450 890 497 111.

225 603 328 660 Penna
341 600 418 659 latus
432 599 518 673 velat,
534 609 617 660 tenet
630 617 664 660 os
679 599 743 660 sine
758 598 894 659 acumine
907 609 1041 660 rostrum

225 694 272 753 Fit
286 712 364 754 nova
379 694 500 770 Cygnus
514 693 584 766 avis,
597 689 656 763 hec
670 710 702 752 se
716 694 862 769 coeloque
876 692 1003 769 Jovique

225 787 335 870 Credit,
351 797 384 846 ut
398 785 506 862 injuste
521 785 601 846 missi
617 803 731 845 memor
744 784 821 862 ignis
834 787 873 845 ab
888 785 957 845 illo:
978 794 992 875 j

224 883 332 957 Stagna
346 879 421 956 petit
435 879 612 956 patulosque
625 880 716 952 lacus,
733 879 891 956 ignemque
905 896 1035 955 perosus,

192 967 309 1066 JlQuae
324 974 411 1046 colat,
428 971 516 1049 elegit
530 971 676 1032 contraria
689 971 812 1031 flumina
824 971 959 1032 flammis.

264 1066 420 1144 Squalidus
436 1067 547 1126 interea
560 1064 676 1142 genitor
691 1064 886 1124 Phaethontis
901 1075 932 1124 et
945 1083 1049 1143 expers
1076 1101 1080 1108 ·

224 1163 294 1237 Ipse
310 1159 354 1218 sui
370 1159 493 1233 decoris,
510 1158 614 1235 qualis,
631 1175 722 1234 quum
736 1157 837 1217 deficit
851 1159 963 1231 orbem,

224 1255 297 1312 Esse
312 1253 396 1325 solet,
412 1254 569 1329 lucemque
584 1250 648 1310 odit
656 1250 834 1327 ›sequeipse
848 1250 995 1328 diemque,

224 1347 343 1422 Datque
358 1345 490 1404 animum
505 1347 535 1404 in
550 1347 654 1418 luctuS,
670 1343 843 1403 etluctibus
857 1343 960 1420 adjicit
974 1345 1055 1418 iram,

223 1438 423 1515 Officiumque
438 1450 526 1515 negat
540 1438 667 1498 mundos
680 1471 682 1480 ν
693 1427 791 1510 satis,
807 1426 965 1593 inquitpab
979 1438 1044 1497 aevi

223 1534 291 1602 Sors
305 1551 372 1592 mea
386 1531 537 1609 principiis
551 1531 606 1590 suit
620 1531 697 1610 irreq
718 1530 786 1604 ieta,
801 1529 904 1607 pigetq
924 1549 941 1590 e
987 1567 1006 1576 ··

223 1628 366 1685 Actorum
381 1624 443 1684 sine
458 1626 517 1684 fine
531 1624 611 1699 mihi,
627 1551 829 1696 sineeronore,
845 1624 988 1686 laborum.
1021 1663 1025 1667 .
1113 1689 1119 1698 ,

223 1717 357 1793 Quilibet
372 1718 445 1776 alter
459 1729 525 1794 agat
540 1728 691 1794 portantes
706 1708 820 1776 lumina
833 1735 942 1776 currus.

222 1811 252 1870 Si
267 1830 356 1870 nemo
371 1821 423 1884 est,
440 1811 605 1887 omnesque
619 1811 668 1870 dei
682 1821 744 1872 non
759 1827 849 1886 posse
863 1811 999 1883 fatentur,

223 1905 294 1980 Ipse
309 1914 384 1980 agat,
401 1914 432 1962 ut
447 1905 560 1977 saltem,
577 1904 649 1964 dum
662 1915 781 1964 nostias
795 1912 890 1963 tentat
903 1898 1044 1977 habenas,

223 1998 370 2057 Orbatura
384 2008 481 2074 patres
496 1996 657 2074 aliquando
672 1997 797 2076 fulmina
809 2006 910 2072 ponat.

223 2091 301 2149 Tum
317 2089 397 2163 sciet,
413 2089 586 2168 ignipedum
601 2090 676 2150 vires
691 2101 829 2167 expertus
843 2104 995 2165 equorum,
1012 2100 1015 2104 ’
1116 2099 1120 2108 ’

223 2185 295 2243 Non
310 2183 451 2243 meruisse
465 2203 579 2257 necem,
597 2183 722 2259 quinon
737 2173 816 2242 bene
830 2181 936 2241 rexerit
950 2182 1024 2241 illos.

223 2276 470 2337 Taliadicentem
485 2277 675 2337 circumstant
690 2275 791 2336 omnia
805 2276 906 2337 Solem

223 2370 362 2444 Numina,
376 2390 451 2430 neve
466 2370 537 2430 velit
551 2380 580 2430 te
603 2372 688 2430 ebras
702 2370 843 2430 inducere
857 2371 955 2443 rebus,

222 2463 360 2539 Supplice
375 2483 449 2523 voce
464 2390 601 2577 roganpg¹
602 2463 713 2552 missos
724 2482 849 2544 ,quoque
863 2462 981 2539 Jupiter
993 2461 1076 2541 ignes

223 2555 359 2629 Excusat,
375 2557 571 2633 precibusque
586 2540 683 2616 ln'in‘ai‘
693 2544 831 2633 ‘regaliter
844 2556 935 2616 addit.

222 2647 343 2725 Colligit
358 2660 490 2709 amentes
505 2661 535 2709 et
549 2650 647 2708 adhuc
660 2660 770 2711 terrore
784 2660 927 2727 paventes

222 2741 361 2801 Phoebus
376 2754 477 2819 equos,
494 2742 673 2818 stimuloque
687 2742 793 2801 dolens
808 2753 837 2802 et
851 2744 973 2802 verbere
988 2741 1099 2818 saevit3

222 2835 320 2896 Saevit
335 2834 424 2909 enim,
438 2846 599 2913 natumque
615 2837 746 2912 objectat
760 2846 791 2895 et
806 2836 930 2912 imputat
944 2835 1009 2895 illis.

302 2939 319 2971 ἥ
459 2938 476 2971 ¹}
617 2938 635 2971 v}
776 2939 794 2970 ¹1·
933 2939 950 2971 f

582 3278 730 3340 LIBER
760 3278 836 3338 111.
926 3365 931 3377 ι

155 3534 158 3539 i
221 3490 353 3565 JAMQus
368 3488 440 3549 deus
455 3488 552 3566 posita
566 3488 677 3552 fallacis
692 3487 910 3566 ‚imaginetauri

224 3582 261 3640 Se
276 3558 428 3654 consessrls
443 3592 512 3667 epit,
529 3552 713 3659 llictaeaque
727 3600 795 3641 rura
808 3585 949 3676 tepebat3

205 3678 207 3681 ’
222 3674 322 3749 Quum
337 3667 421 3751 pater
431 3674 550 3767 ignarus
564 3644 678 3757 raptam
694 3640 862 3765 pquuirere
875 3677 996 3763 fladmo

223 3769 362 3844 Imperat,
375 3779 407 3851 ,et
421 3786 558 3845 poenam,
575 3766 599 3827 si
613 3786 674 3828 non
689 3767 842 3851 inqenerit,
856 3768 942 3836 addit

224 3860 374 3973 Exsilipm,
390 3863 468 3921 facto
483 3860 548 3938 pius
562 3870 593 3921 et
607 3860 765 3951 sceleratus
779 3862 895 3975 podem.
