3017 4700
596 415 754 459 anunrnos
775 417 833 460 nm
854 416 885 460 11.
1172 416 1226 478 145

230 561 234 568 ’
255 562 453 640 Improvisum
468 581 562 638 aspris
572 560 666 622 ¹veluti
680 559 732 638 qui
745 560 880 622 sentibus
894 580 1021 640 anguem
1275 631 1279 643 ¹

255 656 365 717 Pressit
378 655 461 715 humi
475 655 581 728 nitens,
597 654 788 732 trepidusque
802 665 923 732 repente
937 653 1043 734 refugit
1068 662 1134 710 tt*
1151 675 1154 693 ¹
1170 672 1247 720 squ„
1279 637 1310 720 s

256 751 452 810 Attollentem
467 749 524 808 iras
538 759 569 809 et
582 749 699 808 caerula
712 748 791 806 colla
804 758 987 822 tumentem,
1154 752 1157 761 '

256 844 349 903 Haud
364 862 449 903 secus
465 843 642 918 Androgeos
655 840 720 900 visu
734 842 920 901 tremefactus
936 840 1044 902 abibat.
1066 833 1068 840 '

255 936 404 1010 Irruimus,
420 935 520 998 densis
534 946 564 995 et
578 935 838 995 circumfundimur
852 934 947 1009 armis,
1008 981 1010 984 .

185 1043 192 1060 ·
254 1031 438 1108 Ignarosque
452 1028 510 1090 loci
525 1028 637 1105 passim
651 1037 681 1088 et
694 1026 852 1088 formidine
867 1037 971 1104 captos

256 1120 427 1183 Stemilnus.
469 1121 613 1200 Adspirat
625 1120 721 1198 primo
736 1122 854 1180 fortuna
867 1120 969 1182 labori.

178 1204 186 1214 ⁹
255 1218 354 1292 Atque
368 1215 417 1275 hic
431 1235 570 1276 successu
586 1213 915 1290 exsultausanimisque
931 1216 1094 1288 Coroebus,

159 1357 162 1360 .
255 1310 283 1370 Ο
298 1308 380 1382 socii,
395 1328 455 1386 qua
467 1309 570 1386 prima,
586 1306 690 1385 inquit,
707 1308 825 1366 fortuna
839 1306 940 1367 salutis

255 1404 405 1463 Monstrat
419 1401 480 1476 iter,
497 1421 615 1479 quaque
629 1400 761 1461 ostendit
775 1419 806 1460 se
821 1401 932 1475 dextra,
948 1419 1123 1478 sequamur:

254 1497 407 1554 Mutemus
421 1495 542 1572 clipeos,
559 1497 757 1572 Danaumque
772 1491 898 1571 insignia
911 1492 999 1554 nobis

254 1591 407 1665 Aptemus.
451 1590 547 1648 Dolus
561 1608 599 1648 an
612 1588 713 1662 virtus,
729 1587 797 1664 quis
811 1586 841 1645 in
856 1586 941 1647 hoste
956 1586 1103 1664 requirat?

254 1683 346 1740 Arma
360 1682 473 1742 dabunt
487 1681 550 1758 ipsi
595 1682 644 1742 Sic
658 1683 743 1756 latua,
760 1665 870 1740 deinde
885 1691 1054 1740 comantem

141 1838 145 1846 ,
254 1774 406 1850 Androgei
419 1776 535 1851 galeam
548 1774 702 1852 clipeique,
709 1773 823 1852 insigne
838 1774 979 1834 decorum

146 1877 161 1949 j
254 1867 398 1940 Induitur‚
414 1868 556 1944 laterique
569 1869 711 1945 Argivum
724 1867 934 1928 accommodat
949 1886 1058 1928 ensem

141 1989 144 1996 ·
254 1963 326 2020 Hoc
342 1960 485 2037 RhipeuS,
501 1962 560 2020 hoc
574 1961 637 2038 ipse
653 1963 766 2038 Dymas
780 1960 938 2036 omnisque
950 1961 1091 2040 juventus

253 2055 347 2114 Laeta
359 2053 429 2114 facit
440 2077 449 2128 ;
470 2053 571 2130 spoliis
585 2073 616 2114 se
631 2053 756 2130 quisque
770 2053 939 2114 recentibus
954 2065 1055 2114 armat.

253 2148 398 2207 Vadimus
412 2146 538 2206 immixti
553 2148 666 2206 Danais
680 2147 760 2207 haud
775 2140 895 2206 numine
910 2156 1021 2220 nostro,

254 2241 409 2316 Multaque
423 2260 476 2318 per
490 2259 610 2300 caecam
625 2239 774 2318 congressi
788 2239 901 2318 proelia
915 2251 1036 2299 noctem

254 2333 454 2407 Conserimus,
469 2335 579 2395 multos
594 2336 733 2395 Danaum
747 2332 929 2395 demittimus
945 2334 1032 2395 Orc0.
1049 2369 1057 2407 s

159 2482 165 2493 ,
254 2427 418 2505 Diffugiunt
433 2427 482 2486 alii
496 2429 535 2487 ad
548 2446 649 2503 naves,
665 2438 695 2489 et
708 2427 795 2488 litora
808 2447 894 2488 cursu
1045 2415 1048 2423 ’

253 2521 329 2581 Fida
342 2529 466 2598 petunt:
486 2540 553 2598 pars
567 2520 718 2598 ingentem
732 2520 889 2582 formidine
903 2520 981 2598 turpi

252 2616 515 2675 Scandunt.rursus
530 2635 640 2693 equum
655 2625 684 2675 et
698 2625 771 2675 nota
784 2615 952 2675 conduntur
966 2613 996 2673 in
1011 2614 1086 2675 alvo.

293 2711 365 2769 Heu
379 2708 453 2768 nihil
466 2708 565 2769 invitis
579 2710 623 2769 fas
638 2727 818 2784 quemqnam
833 2708 923 2767 fidere
937 2706 1030 2767 divis!

253 2803 332 2861 Ecce
347 2802 516 2861 trahebatur
528 2801 626 2879 passis
640 2801 786 2861 Priameia
800 2800 883 2878 virgo

201 2916 205 2924 ’
253 2894 393 2954 Crinibus
408 2914 426 2953 a
440 2895 552 2971 templo
567 2895 736 2955 Cassandra
748 2894 904 2973 adytisque
920 2894 1082 2968 Minervae,

151 3010 161 3017 ·
253 2989 303 3068 Ad
317 2988 435 3048 coelum
448 2988 576 3051 tendens
589 2988 723 3047 ardentia
736 2988 850 3047 lumina
863 2989 975 3061 frustra,

253 3080 388 3154 Lumina,
404 3100 474 3140 nam
488 3094 605 3141 teneras
619 3083 763 3140 arcebant
776 3080 897 3140 vincula
908 3082 1029 3157 palmas.

1060 2306 1066 2347 l

253 3176 323 3233 Non
338 3174 406 3233 tulit
419 3174 497 3234 hanc
511 3174 640 3251 speciem
656 3173 761 3232 furiata
774 3183 875 3233 mente
890 3175 1053 3247 Coroebus,

168 3275 174 3289 ‘
253 3269 292 3325 Et
306 3286 373 3327 sese
387 3266 518 3327 medium
533 3266 633 3345 injecit
647 3265 792 3342 periturus
807 3265 838 3325 in
852 3286 967 3345 agmen.
1025 3305 1028 3310 -

253 3360 472 3436 Consequimur
485 3358 585 3419 cuncti
598 3369 629 3419 et
643 3358 743 3417 densis
758 3357 932 3419 incurrimus
947 3358 1043 3425 annis

234 3453 315 3548 nHic
329 3453 456 3530 primum
470 3473 507 3512 ex
521 3453 582 3512 alto
596 3434 712 3511 delubri
726 3451 855 3511 culmine
870 3452 936 3513 telis
1191 3482 1228 3520 410

253 3548 429 3606 Nostrorum
443 3544 602 3634 obruimur,
617 3543 769 3622 oriturque
784 3544 948 3607 miserrima
962 3545 1070 3607 caedes

253 3642 411 3698 Armorum
423 3638 498 3702 facie
513 3630 543 3700 et
558 3639 713 3700 Graiarum
727 3658 823 3702 errore
839 3640 985 3723 iubarum.

251 3734 330 3791 Turn
346 3731 443 3791 Danai
456 3732 569 3809 gemitu
582 3743 672 3808 atque
686 3743 805 3809 ereptae
819 3730 939 3810 virginis
953 3731 996 3793 ira

251 3824 395 3901 Undique
409 3825 527 3887 collecti
541 3826 694 3905 invadunt,
709 3824 867 3885 acerrimus
882 3827 968 3904 Ajax,

341 3956 345 3962 ῃ
451 3930 478 3959 ,0
920 3944 924 3951 ,
