<?xml version="1.0" encoding="UTF-8"?>
<!DOCTYPE html PUBLIC "-//W3C//DTD XHTML 1.0 Transitional//EN"
    "http://www.w3.org/TR/xhtml1/DTD/xhtml1-transitional.dtd">
<html xmlns="http://www.w3.org/1999/xhtml" xml:lang="en" lang="en">
 <head>
  <title>
</title>
<meta http-equiv="Content-Type" content="text/html;charset=utf-8" />
  <meta name='ocr-system' content='tesseract 3.04.00' />
  <meta name='ocr-capabilities' content='ocr_page ocr_carea ocr_par ocr_line ocrx_word'/>
</head>
<body>
  <div class='ocr_page' id='page_1' title='image "./selectionsfromo01virggoog_0016.png"; bbox 0 0 3017 4700; ppageno 0'>
   <div class='ocr_carea' id='block_1_1' title="bbox 302 431 937 488">
    <p class='ocr_par' dir='ltr' id='par_1_1' title="bbox 302 431 937 488">
     <span class='ocr_line' id='line_1_1' title="bbox 302 431 937 488; baseline 0.003 -14"><span class='ocrx_word' id='word_1_1' title='bbox 302 435 322 488; x_wconf 87' lang='lat'>4</span> <span class='ocrx_word' id='word_1_2' title='bbox 633 431 659 476; x_wconf 79' lang='lat' dir='ltr'><strong>r.</strong></span> <span class='ocrx_word' id='word_1_3' title='bbox 680 431 781 477; x_wconf 84' lang='lat' dir='ltr'><strong>ovrnn</strong></span> <span class='ocrx_word' id='word_1_4' title='bbox 802 431 937 478; x_wconf 75' lang='lat' dir='ltr'><strong>unsours</strong></span> 
     </span>
    </p>
   </div>
   <div class='ocr_carea' id='block_1_2' title="bbox 238 577 1272 3897">
    <p class='ocr_par' dir='ltr' id='par_1_2' title="bbox 303 577 1272 768">
     <span class='ocr_line' id='line_1_2' title="bbox 303 577 1272 658; baseline -0.002 -22"><span class='ocrx_word' id='word_1_5' title='bbox 303 579 390 652; x_wconf 91' lang='lat' dir='ltr'><strong>Nam,</strong></span> <span class='ocrx_word' id='word_1_6' title='bbox 406 596 575 654; x_wconf 81' lang='lat' dir='ltr'><strong>quanquam</strong></span> <span class='ocrx_word' id='word_1_7' title='bbox 589 578 666 638; x_wconf 84' lang='lat' dir='ltr'><strong>serus</strong></span> <span class='ocrx_word' id='word_1_8' title='bbox 679 577 774 637; x_wconf 91' lang='lat' dir='ltr'><strong>hostis</strong></span> <span class='ocrx_word' id='word_1_9' title='bbox 789 588 858 650; x_wconf 87' lang='lat' dir='ltr'><strong>erat,</strong></span> <span class='ocrx_word' id='word_1_10' title='bbox 874 588 974 637; x_wconf 88' lang='lat' dir='ltr'><strong>tamen</strong></span> <span class='ocrx_word' id='word_1_11' title='bbox 988 577 1061 636; x_wconf 90' lang='lat' dir='ltr'><strong>illud</strong></span> <span class='ocrx_word' id='word_1_12' title='bbox 1075 577 1114 637; x_wconf 93' lang='lat' dir='ltr'><strong>ab</strong></span> <span class='ocrx_word' id='word_1_13' title='bbox 1127 595 1189 638; x_wconf 88' lang='lat' dir='ltr'><strong>uno</strong></span> <span class='ocrx_word' id='word_1_14' title='bbox 1234 595 1272 658; x_wconf 60' lang='lat'><strong>185</strong></span> 
     </span>
     <span class='ocr_line' id='line_1_3' title="bbox 303 669 1028 768; baseline -0.001 -37"><span class='ocrx_word' id='word_1_15' title='bbox 303 671 434 747; x_wconf 88' lang='lat' dir='ltr'>Corpore</span> <span class='ocrx_word' id='word_1_16' title='bbox 449 680 479 730; x_wconf 93' lang='lat' dir='ltr'><strong>et</strong></span> <span class='ocrx_word' id='word_1_17' title='bbox 493 690 529 730; x_wconf 89' lang='lat' dir='ltr'><strong>ex</strong></span> <span class='ocrx_word' id='word_1_18' title='bbox 543 669 894 768; x_wconf 63' lang='lat' dir='ltr'><strong>unapendebat&#39;origine</strong></span> <span class='ocrx_word' id='word_1_19' title='bbox 908 671 1028 730; x_wconf 89' lang='lat' dir='ltr'><strong>bellum.</strong></span> 
     </span>
    </p>

    <p class='ocr_par' dir='ltr' id='par_1_3' title="bbox 303 762 1136 932">
     <span class='ocr_line' id='line_1_4' title="bbox 303 762 1136 840; baseline 0 -18"><span class='ocrx_word' id='word_1_20' title='bbox 303 765 390 822; x_wconf 91' lang='lat' dir='ltr'><strong>Nunc</strong></span> <span class='ocrx_word' id='word_1_21' title='bbox 404 762 484 836; x_wconf 90' lang='lat' dir='ltr'><strong>mihi,</strong></span> <span class='ocrx_word' id='word_1_22' title='bbox 501 783 559 840; x_wconf 88' lang='lat' dir='ltr'><strong>qua</strong></span> <span class='ocrx_word' id='word_1_23' title='bbox 572 773 667 823; x_wconf 90' lang='lat' dir='ltr'><strong>totum</strong></span> <span class='ocrx_word' id='word_1_24' title='bbox 683 765 798 822; x_wconf 87' lang='lat' dir='ltr'><strong>Nereus</strong></span> <span class='ocrx_word' id='word_1_25' title='bbox 812 762 1010 822; x_wconf 91' lang='lat' dir='ltr'><strong>circumsonat</strong></span> <span class='ocrx_word' id='word_1_26' title='bbox 1024 763 1136 837; x_wconf 88' lang='lat' dir='ltr'><strong>orbern,</strong></span> 
     </span>
     <span class='ocr_line' id='line_1_5' title="bbox 303 855 1115 932; baseline 0.004 -19"><span class='ocrx_word' id='word_1_27' title='bbox 303 855 491 916; x_wconf 88' lang='lat' dir='ltr'><strong>Perdendum</strong></span> <span class='ocrx_word' id='word_1_28' title='bbox 505 866 550 916; x_wconf 93' lang='lat' dir='ltr'><strong>est</strong></span> <span class='ocrx_word' id='word_1_29' title='bbox 563 857 687 916; x_wconf 86' lang='lat' dir='ltr'><strong>mortale</strong></span> <span class='ocrx_word' id='word_1_30' title='bbox 700 874 802 932; x_wconf 87' lang='lat' dir='ltr'><strong>genus.</strong></span> <span class='ocrx_word' id='word_1_31' title='bbox 846 857 903 915; x_wconf 88' lang='lat' dir='ltr'><strong>Per</strong></span> <span class='ocrx_word' id='word_1_32' title='bbox 915 855 1037 915; x_wconf 90' lang='lat' dir='ltr'><strong>flumina</strong></span> <span class='ocrx_word' id='word_1_33' title='bbox 1048 857 1115 932; x_wconf 91' lang='lat' dir='ltr'><strong>juro</strong></span> 
     </span>
    </p>

    <p class='ocr_par' dir='ltr' id='par_1_4' title="bbox 303 947 936 1026">
     <span class='ocr_line' id='line_1_6' title="bbox 303 947 936 1026; baseline 0.003 -20"><span class='ocrx_word' id='word_1_34' title='bbox 303 947 409 1022; x_wconf 85' lang='lat' dir='ltr'><strong>Infera,</strong></span> <span class='ocrx_word' id='word_1_35' title='bbox 425 950 479 1008; x_wconf 94' lang='lat' dir='ltr'><strong>sub</strong></span> <span class='ocrx_word' id='word_1_36' title='bbox 494 959 584 1008; x_wconf 86' lang='lat' dir='ltr'><strong>terras</strong></span> <span class='ocrx_word' id='word_1_37' title='bbox 599 948 699 1026; x_wconf 91' lang='lat' dir='ltr'><strong>Stygio</strong></span> <span class='ocrx_word' id='word_1_38' title='bbox 714 947 845 1008; x_wconf 84' lang='lat' dir='ltr'><strong>labentia</strong></span> <span class='ocrx_word' id='word_1_39' title='bbox 858 949 936 1022; x_wconf 90' lang='lat' dir='ltr'><strong>luco,</strong></span> 
     </span>
    </p>

    <p class='ocr_par' dir='ltr' id='par_1_5' title="bbox 303 1040 1271 1227">
     <span class='ocr_line' id='line_1_7' title="bbox 303 1040 1271 1117; baseline 0.007 -16"><span class='ocrx_word' id='word_1_40' title='bbox 303 1041 419 1101; x_wconf 89' lang='lat' dir='ltr'><strong>Cuncta</strong></span> <span class='ocrx_word' id='word_1_41' title='bbox 432 1040 511 1117; x_wconf 86' lang='lat' dir='ltr'><strong>pn&#39;us</strong></span> <span class='ocrx_word' id='word_1_42' title='bbox 525 1051 655 1101; x_wconf 89' lang='lat' dir='ltr'><strong>tentata:</strong></span> <span class='ocrx_word' id='word_1_43' title='bbox 677 1041 729 1101; x_wconf 92' lang='lat' dir='ltr'><strong>sed</strong></span> <span class='ocrx_word' id='word_1_44' title='bbox 744 1040 963 1101; x_wconf 86' lang='lat' dir='ltr'><strong>immedicabile</strong></span> <span class='ocrx_word' id='word_1_45' title='bbox 976 1041 1084 1101; x_wconf 90' lang='lat' dir='ltr'><strong>vulnus</strong></span> <span class='ocrx_word' id='word_1_46' title='bbox 1235 1070 1271 1107; x_wconf 68' lang='grc' dir='ltr'><strong>ιφ</strong></span> 
     </span>
     <span class='ocr_line' id='line_1_8' title="bbox 303 1133 1160 1227; baseline 0 -35"><span class='ocrx_word' id='word_1_47' title='bbox 303 1134 382 1193; x_wconf 89' lang='lat' dir='ltr'><strong>Ense</strong></span> <span class='ocrx_word' id='word_1_48' title='bbox 396 1133 585 1193; x_wconf 90' lang='lat' dir='ltr'><strong>recidendum</strong></span> <span class='ocrx_word' id='word_1_49' title='bbox 601 1145 653 1208; x_wconf 89' lang='lat' dir='ltr'><strong>est,</strong></span> <span class='ocrx_word' id='word_1_50' title='bbox 669 1153 707 1194; x_wconf 89' lang='lat' dir='ltr'><strong>ne</strong></span> <span class='ocrx_word' id='word_1_51' title='bbox 721 1153 789 1212; x_wconf 89' lang='lat' dir='ltr'><strong>pars</strong></span> <span class='ocrx_word' id='word_1_52' title='bbox 803 1133 917 1193; x_wconf 88' lang='lat' dir='ltr'><strong>sincera</strong></span> <span class='ocrx_word' id='word_1_53' title='bbox 931 1134 1068 1193; x_wconf 88' lang='lat' dir='ltr'><strong>trahatur.</strong></span> <span class='ocrx_word' id='word_1_54' title='bbox 1076 1149 1088 1194; x_wconf 65' lang='lat' dir='ltr'><strong>r</strong></span> <span class='ocrx_word' id='word_1_55' title='bbox 1152 1171 1160 1227; x_wconf 37' lang='grc' dir='ltr'><em>Ι</em></span> 
     </span>
    </p>

    <p class='ocr_par' dir='ltr' id='par_1_6' title="bbox 302 1219 1200 1396">
     <span class='ocr_line' id='line_1_9' title="bbox 302 1219 1150 1303; baseline 0 -17"><span class='ocrx_word' id='word_1_56' title='bbox 302 1227 376 1286; x_wconf 90' lang='lat' dir='ltr'><strong>Sunt</strong></span> <span class='ocrx_word' id='word_1_57' title='bbox 389 1225 462 1285; x_wconf 91' lang='lat' dir='ltr'><strong>mihi</strong></span> <span class='ocrx_word' id='word_1_58' title='bbox 474 1226 611 1300; x_wconf 91' lang='lat' dir='ltr'><strong>Semidei,</strong></span> <span class='ocrx_word' id='word_1_59' title='bbox 628 1237 695 1286; x_wconf 92' lang='lat' dir='ltr'><strong>sunt</strong></span> <span class='ocrx_word' id='word_1_60' title='bbox 709 1225 817 1286; x_wconf 90' lang='lat' dir='ltr'><strong>rustica</strong></span> <span class='ocrx_word' id='word_1_61' title='bbox 830 1226 961 1300; x_wconf 89' lang='lat' dir='ltr'><strong>numina,</strong></span> <span class='ocrx_word' id='word_1_62' title='bbox 977 1219 1150 1303; x_wconf 53' lang='lat' dir='ltr'><strong>Nymphai?</strong></span> 
     </span>
     <span class='ocr_line' id='line_1_10' title="bbox 303 1317 1000 1396; baseline 0.001 -19"><span class='ocrx_word' id='word_1_63' title='bbox 303 1317 455 1396; x_wconf 89' lang='lat' dir='ltr'><strong>Faunique</strong></span> <span class='ocrx_word' id='word_1_64' title='bbox 469 1319 621 1396; x_wconf 87' lang='lat' dir='ltr'><strong>Satyrique</strong></span> <span class='ocrx_word' id='word_1_65' title='bbox 636 1329 666 1378; x_wconf 90' lang='lat' dir='ltr'><strong>et</strong></span> <span class='ocrx_word' id='word_1_66' title='bbox 679 1318 858 1378; x_wconf 82' lang='lat' dir='ltr'><strong>monticolae</strong></span> <span class='ocrx_word' id='word_1_67' title='bbox 872 1317 1000 1380; x_wconf 83' lang='lat' dir='ltr'><strong>Silvani:</strong></span> 
     </span>
    </p>

    <p class='ocr_par' dir='ltr' id='par_1_7' title="bbox 303 1410 1083 1490">
     <span class='ocr_line' id='line_1_11' title="bbox 303 1410 1083 1490; baseline 0 -19"><span class='ocrx_word' id='word_1_68' title='bbox 303 1412 387 1486; x_wconf 88' lang='lat' dir='ltr'><strong>Quos</strong></span> <span class='ocrx_word' id='word_1_69' title='bbox 402 1411 542 1490; x_wconf 90' lang='lat' dir='ltr'><strong>quoniam</strong></span> <span class='ocrx_word' id='word_1_70' title='bbox 556 1410 632 1471; x_wconf 91' lang='lat' dir='ltr'><strong>coeli</strong></span> <span class='ocrx_word' id='word_1_71' title='bbox 646 1411 780 1471; x_wconf 90' lang='lat' dir='ltr'><strong>nondum</strong></span> <span class='ocrx_word' id='word_1_72' title='bbox 795 1410 950 1487; x_wconf 86' lang='lat' dir='ltr'><strong>dignamur</strong></span> <span class='ocrx_word' id='word_1_73' title='bbox 962 1411 1083 1485; x_wconf 89' lang='lat' dir='ltr'><strong>honore,</strong></span> 
     </span>
    </p>

    <p class='ocr_par' dir='ltr' id='par_1_8' title="bbox 302 1503 1270 1674">
     <span class='ocr_line' id='line_1_12' title="bbox 303 1503 1270 1579; baseline -0.004 -16"><span class='ocrx_word' id='word_1_74' title='bbox 303 1505 385 1579; x_wconf 89' lang='lat' dir='ltr'><strong>Quas</strong></span> <span class='ocrx_word' id='word_1_75' title='bbox 399 1503 542 1578; x_wconf 89' lang='lat' dir='ltr'><strong>dedimus,</strong></span> <span class='ocrx_word' id='word_1_76' title='bbox 558 1514 637 1564; x_wconf 89' lang='lat' dir='ltr'><strong>certe</strong></span> <span class='ocrx_word' id='word_1_77' title='bbox 652 1514 741 1564; x_wconf 87' lang='lat' dir='ltr'><strong>terras</strong></span> <span class='ocrx_word' id='word_1_78' title='bbox 755 1503 889 1563; x_wconf 84' lang='lat' dir='ltr'><strong>habitare</strong></span> <span class='ocrx_word' id='word_1_79' title='bbox 903 1503 1043 1562; x_wconf 91' lang='lat' dir='ltr'><strong>sinamus.</strong></span> <span class='ocrx_word' id='word_1_80' title='bbox 1235 1532 1270 1571; x_wconf 79' lang='lat'><strong>19⁵</strong></span> 
     </span>
     <span class='ocr_line' id='line_1_13' title="bbox 302 1595 1002 1674; baseline -0.001 -19"><span class='ocrx_word' id='word_1_81' title='bbox 302 1599 351 1655; x_wconf 92' lang='lat' dir='ltr'><strong>An</strong></span> <span class='ocrx_word' id='word_1_82' title='bbox 366 1596 444 1670; x_wconf 86' lang='lat' dir='ltr'><strong>satis,</strong></span> <span class='ocrx_word' id='word_1_83' title='bbox 460 1598 488 1658; x_wconf 94' lang='grc' dir='ltr'>Ο</span> <span class='ocrx_word' id='word_1_84' title='bbox 503 1595 607 1674; x_wconf 89' lang='lat' dir='ltr'><strong>superi,</strong></span> <span class='ocrx_word' id='word_1_85' title='bbox 623 1597 780 1656; x_wconf 87' lang='lat' dir='ltr'><strong>tutoslorc</strong></span> <span class='ocrx_word' id='word_1_86' title='bbox 793 1595 912 1656; x_wconf 90' lang='lat' dir='ltr'><strong>creditis</strong></span> <span class='ocrx_word' id='word_1_87' title='bbox 925 1595 1002 1669; x_wconf 92' lang='lat' dir='ltr'><strong>illos,</strong></span> 
     </span>
    </p>

    <p class='ocr_par' dir='ltr' id='par_1_9' title="bbox 303 1689 1156 1859">
     <span class='ocr_line' id='line_1_14' title="bbox 303 1689 1156 1766; baseline -0.001 -17"><span class='ocrx_word' id='word_1_88' title='bbox 303 1691 403 1765; x_wconf 89' lang='lat' dir='ltr'><strong>Quum</strong></span> <span class='ocrx_word' id='word_1_89' title='bbox 416 1689 564 1766; x_wconf 72' lang='lat' dir='ltr'><strong>mihi„qui</strong></span> <span class='ocrx_word' id='word_1_90' title='bbox 578 1690 697 1763; x_wconf 86' lang='lat' dir='ltr'><strong>fulmen,</strong></span> <span class='ocrx_word' id='word_1_91' title='bbox 714 1689 833 1766; x_wconf 90' lang='lat' dir='ltr'><strong>quivos</strong></span> <span class='ocrx_word' id='word_1_92' title='bbox 847 1689 1004 1765; x_wconf 91' lang='lat' dir='ltr'><strong>habeoque</strong></span> <span class='ocrx_word' id='word_1_93' title='bbox 1017 1707 1156 1766; x_wconf 79' lang='lat' dir='ltr'><strong>rogoque,</strong></span> 
     </span>
     <span class='ocr_line' id='line_1_15' title="bbox 303 1781 966 1859; baseline -0.003 -16"><span class='ocrx_word' id='word_1_94' title='bbox 303 1781 442 1844; x_wconf 87' lang='lat' dir='ltr'><strong>Struxerit</strong></span> <span class='ocrx_word' id='word_1_95' title='bbox 456 1781 577 1842; x_wconf 87' lang='lat' dir='ltr'><strong>insidias</strong></span> <span class='ocrx_word' id='word_1_96' title='bbox 591 1791 679 1842; x_wconf 89' lang='lat' dir='ltr'><strong>notus</strong></span> <span class='ocrx_word' id='word_1_97' title='bbox 693 1781 808 1842; x_wconf 86' lang='lat' dir='ltr'><strong>feritate</strong></span> <span class='ocrx_word' id='word_1_98' title='bbox 822 1783 966 1859; x_wconf 86' lang='lat' dir='ltr'><strong>Lycaon?</strong></span> 
     </span>
    </p>

    <p class='ocr_par' dir='ltr' id='par_1_10' title="bbox 303 1872 1123 1952">
     <span class='ocr_line' id='line_1_16' title="bbox 303 1872 1123 1952; baseline -0.005 -16"><span class='ocrx_word' id='word_1_99' title='bbox 303 1877 515 1936; x_wconf 89' lang='lat' dir='ltr'><strong>Contremuere</strong></span> <span class='ocrx_word' id='word_1_100' title='bbox 530 1893 641 1948; x_wconf 90' lang='lat' dir='ltr'><strong>omnes,</strong></span> <span class='ocrx_word' id='word_1_101' title='bbox 658 1873 820 1952; x_wconf 92' lang='lat' dir='ltr'><strong>studiisque</strong></span> <span class='ocrx_word' id='word_1_102' title='bbox 835 1872 1005 1934; x_wconf 88' lang='lat' dir='ltr'><strong>ardentibus</strong></span> <span class='ocrx_word' id='word_1_103' title='bbox 1020 1893 1123 1933; x_wconf 90' lang='lat' dir='ltr'><strong>ausum</strong></span> 
     </span>
    </p>

    <p class='ocr_par' dir='ltr' id='par_1_11' title="bbox 302 1965 1269 2215">
     <span class='ocr_line' id='line_1_17' title="bbox 302 1965 1269 2045; baseline -0.005 -19"><span class='ocrx_word' id='word_1_104' title='bbox 302 1967 388 2028; x_wconf 85' lang='lat' dir='ltr'><strong>Talia</strong></span> <span class='ocrx_word' id='word_1_105' title='bbox 401 1969 573 2045; x_wconf 87' lang='lat' dir='ltr'><strong>deposcunt.</strong></span> <span class='ocrx_word' id='word_1_106' title='bbox 617 1967 673 2042; x_wconf 90' lang='lat' dir='ltr'><strong>Sic,</strong></span> <span class='ocrx_word' id='word_1_107' title='bbox 688 1987 780 2045; x_wconf 90' lang='lat' dir='ltr'><strong>quum</strong></span> <span class='ocrx_word' id='word_1_108' title='bbox 793 1985 899 2026; x_wconf 88' lang='lat' dir='ltr'><strong>manus</strong></span> <span class='ocrx_word' id='word_1_109' title='bbox 913 1965 1005 2044; x_wconf 91' lang='lat' dir='ltr'><strong>impia</strong></span> <span class='ocrx_word' id='word_1_110' title='bbox 1021 1966 1114 2026; x_wconf 89' lang='lat' dir='ltr'><strong>saevit</strong></span> <span class='ocrx_word' id='word_1_111' title='bbox 1198 1995 1202 2001; x_wconf 47' lang='lat'><strong>⁴</strong></span> <span class='ocrx_word' id='word_1_112' title='bbox 1232 1994 1269 2021; x_wconf 79' lang='lat'><strong>200</strong></span> 
     </span>
     <span class='ocr_line' id='line_1_18' title="bbox 303 2059 1130 2139; baseline -0.005 -17"><span class='ocrx_word' id='word_1_113' title='bbox 303 2061 451 2139; x_wconf 85' lang='lat' dir='ltr'><strong>Sanguine</strong></span> <span class='ocrx_word' id='word_1_114' title='bbox 465 2062 613 2122; x_wconf 88' lang='lat' dir='ltr'><strong>Caesareo</strong></span> <span class='ocrx_word' id='word_1_115' title='bbox 627 2063 798 2120; x_wconf 91' lang='lat' dir='ltr'><strong>Romanurn</strong></span> <span class='ocrx_word' id='word_1_116' title='bbox 812 2059 996 2136; x_wconf 86' lang='lat' dir='ltr'><strong>exstinguere</strong></span> <span class='ocrx_word' id='word_1_117' title='bbox 1010 2077 1130 2133; x_wconf 87' lang='lat' dir='ltr'><strong>nomen,</strong></span> 
     </span>
     <span class='ocr_line' id='line_1_19' title="bbox 302 2151 933 2215; baseline -0.003 -1"><span class='ocrx_word' id='word_1_118' title='bbox 302 2153 469 2214; x_wconf 86' lang='lat' dir='ltr'><strong>Attonitum</strong></span> <span class='ocrx_word' id='word_1_119' title='bbox 484 2165 567 2214; x_wconf 87' lang='lat' dir='ltr'><strong>tanto</strong></span> <span class='ocrx_word' id='word_1_120' title='bbox 582 2153 695 2215; x_wconf 90' lang='lat' dir='ltr'><strong>subitae</strong></span> <span class='ocrx_word' id='word_1_121' title='bbox 709 2165 819 2214; x_wconf 88' lang='lat' dir='ltr'><strong>terrore</strong></span> <span class='ocrx_word' id='word_1_122' title='bbox 832 2151 933 2212; x_wconf 87' lang='lat' dir='ltr'><strong>ruinae</strong></span> 
     </span>
    </p>

    <p class='ocr_par' dir='ltr' id='par_1_12' title="bbox 303 2243 1087 2326">
     <span class='ocr_line' id='line_1_20' title="bbox 303 2243 1087 2326; baseline -0.003 -20"><span class='ocrx_word' id='word_1_123' title='bbox 303 2248 477 2308; x_wconf 88' lang='lat' dir='ltr'><strong>Humanum</strong></span> <span class='ocrx_word' id='word_1_124' title='bbox 491 2267 584 2326; x_wconf 91' lang='lat' dir='ltr'><strong>genus</strong></span> <span class='ocrx_word' id='word_1_125' title='bbox 599 2257 643 2308; x_wconf 92' lang='lat' dir='ltr'><strong>est</strong></span> <span class='ocrx_word' id='word_1_126' title='bbox 657 2257 795 2323; x_wconf 92' lang='lat' dir='ltr'><strong>totusque</strong></span> <span class='ocrx_word' id='word_1_127' title='bbox 809 2243 973 2322; x_wconf 90' lang='lat' dir='ltr'><strong>perhorruit</strong></span> <span class='ocrx_word' id='word_1_128' title='bbox 987 2244 1065 2305; x_wconf 90' lang='lat' dir='ltr'><strong>orbis</strong></span> <span class='ocrx_word' id='word_1_129' title='bbox 1078 2267 1087 2318; x_wconf 91' lang='lat'>;</span> 
     </span>
    </p>

    <p class='ocr_par' dir='ltr' id='par_1_13' title="bbox 303 2339 1058 2419">
     <span class='ocr_line' id='line_1_21' title="bbox 303 2339 1058 2419; baseline -0.003 -20"><span class='ocrx_word' id='word_1_130' title='bbox 303 2341 368 2400; x_wconf 91' lang='lat' dir='ltr'><strong>Nec</strong></span> <span class='ocrx_word' id='word_1_131' title='bbox 382 2340 436 2401; x_wconf 90' lang='lat' dir='ltr'><strong>tibi</strong></span> <span class='ocrx_word' id='word_1_132' title='bbox 449 2353 531 2419; x_wconf 88' lang='lat' dir='ltr'><strong>grata</strong></span> <span class='ocrx_word' id='word_1_133' title='bbox 544 2340 642 2401; x_wconf 90' lang='lat' dir='ltr'><strong>minus</strong></span> <span class='ocrx_word' id='word_1_134' title='bbox 656 2339 759 2418; x_wconf 90' lang='lat' dir='ltr'><strong>pietas,</strong></span> <span class='ocrx_word' id='word_1_135' title='bbox 775 2341 916 2416; x_wconf 88' lang='lat' dir='ltr'><strong>Auguste,</strong></span> <span class='ocrx_word' id='word_1_136' title='bbox 932 2348 1058 2411; x_wconf 90' lang='lat' dir='ltr'><strong>tuorum,</strong></span> 
     </span>
    </p>

    <p class='ocr_par' dir='ltr' id='par_1_14' title="bbox 302 2432 1270 2603">
     <span class='ocr_line' id='line_1_22' title="bbox 302 2432 1270 2510; baseline 0.003 -17"><span class='ocrx_word' id='word_1_137' title='bbox 302 2434 401 2507; x_wconf 89' lang='lat' dir='ltr'><strong>Quam</strong></span> <span class='ocrx_word' id='word_1_138' title='bbox 415 2434 469 2495; x_wconf 85' lang='lat' dir='ltr'><strong>suit</strong></span> <span class='ocrx_word' id='word_1_139' title='bbox 482 2434 532 2493; x_wconf 89' lang='lat' dir='ltr'><strong>illa</strong></span> <span class='ocrx_word' id='word_1_140' title='bbox 545 2433 621 2510; x_wconf 88' lang='lat' dir='ltr'><strong>Jovi.</strong></span> <span class='ocrx_word' id='word_1_141' title='bbox 665 2432 725 2507; x_wconf 91' lang='lat' dir='ltr'><strong>Qui</strong></span> <span class='ocrx_word' id='word_1_142' title='bbox 739 2442 898 2509; x_wconf 90' lang='lat' dir='ltr'><strong>postquam</strong></span> <span class='ocrx_word' id='word_1_143' title='bbox 911 2448 986 2490; x_wconf 89' lang='lat' dir='ltr'><strong>voce</strong></span> <span class='ocrx_word' id='word_1_144' title='bbox 1000 2449 1149 2506; x_wconf 92' lang='lat' dir='ltr'><strong>manuque</strong></span> <span class='ocrx_word' id='word_1_145' title='bbox 1234 2458 1270 2495; x_wconf 68' lang='grc' dir='ltr'><strong>ωε</strong></span> 
     </span>
     <span class='ocr_line' id='line_1_23' title="bbox 303 2522 1040 2603; baseline -0.001 -20"><span class='ocrx_word' id='word_1_146' title='bbox 303 2527 455 2585; x_wconf 88' lang='lat' dir='ltr'><strong>Munnura</strong></span> <span class='ocrx_word' id='word_1_147' title='bbox 469 2525 650 2603; x_wconf 87' lang='lat' dir='ltr'><strong>compressit,</strong></span> <span class='ocrx_word' id='word_1_148' title='bbox 667 2536 788 2585; x_wconf 90' lang='lat' dir='ltr'><strong>tenuere</strong></span> <span class='ocrx_word' id='word_1_149' title='bbox 802 2522 919 2583; x_wconf 90' lang='lat' dir='ltr'><strong>silentia</strong></span> <span class='ocrx_word' id='word_1_150' title='bbox 932 2523 1040 2583; x_wconf 85' lang='lat' dir='ltr'><strong>cuncti.</strong></span> 
     </span>
    </p>

    <p class='ocr_par' dir='ltr' id='par_1_15' title="bbox 302 2614 1053 2697">
     <span class='ocr_line' id='line_1_24' title="bbox 302 2614 1053 2697; baseline -0.004 -20"><span class='ocrx_word' id='word_1_151' title='bbox 302 2617 436 2678; x_wconf 91' lang='lat' dir='ltr'><strong>Substitit</strong></span> <span class='ocrx_word' id='word_1_152' title='bbox 449 2630 483 2678; x_wconf 89' lang='lat' dir='ltr'><strong>ut</strong></span> <span class='ocrx_word' id='word_1_153' title='bbox 495 2620 614 2693; x_wconf 89' lang='lat' dir='ltr'><strong>clamor,</strong></span> <span class='ocrx_word' id='word_1_154' title='bbox 630 2636 748 2697; x_wconf 91' lang='lat' dir='ltr'><strong>pressus</strong></span> <span class='ocrx_word' id='word_1_155' title='bbox 762 2616 902 2695; x_wconf 86' lang='lat' dir='ltr'><strong>gravitate</strong></span> <span class='ocrx_word' id='word_1_156' title='bbox 917 2614 1053 2693; x_wconf 88' lang='lat' dir='ltr'><strong>regentis,</strong></span> 
     </span>
    </p>

    <p class='ocr_par' dir='ltr' id='par_1_16' title="bbox 301 2708 998 2787">
     <span class='ocr_line' id='line_1_25' title="bbox 301 2708 998 2787; baseline -0.003 -18"><span class='ocrx_word' id='word_1_157' title='bbox 301 2710 416 2787; x_wconf 91' lang='lat' dir='ltr'><strong>Jupiter</strong></span> <span class='ocrx_word' id='word_1_158' title='bbox 429 2712 487 2771; x_wconf 94' lang='lat' dir='ltr'><strong>hoc</strong></span> <span class='ocrx_word' id='word_1_159' title='bbox 501 2712 605 2771; x_wconf 91' lang='lat' dir='ltr'><strong>iterum</strong></span> <span class='ocrx_word' id='word_1_160' title='bbox 620 2729 756 2771; x_wconf 87' lang='lat' dir='ltr'><strong>sermone</strong></span> <span class='ocrx_word' id='word_1_161' title='bbox 770 2708 888 2770; x_wconf 89' lang='lat' dir='ltr'><strong>silentia</strong></span> <span class='ocrx_word' id='word_1_162' title='bbox 900 2708 998 2785; x_wconf 88' lang='lat' dir='ltr'><strong>rupit:</strong></span> 
     </span>
    </p>

    <p class='ocr_par' dir='ltr' id='par_1_17' title="bbox 238 2799 1271 3067">
     <span class='ocr_line' id='line_1_26' title="bbox 238 2799 1189 2881; baseline -0.001 -19"><span class='ocrx_word' id='word_1_163' title='bbox 238 2843 242 2849; x_wconf 88' lang='lat'>-</span> <span class='ocrx_word' id='word_1_164' title='bbox 303 2802 359 2863; x_wconf 91' lang='lat' dir='ltr'><strong>Ille</strong></span> <span class='ocrx_word' id='word_1_165' title='bbox 374 2802 493 2880; x_wconf 92' lang='lat' dir='ltr'><strong>quidem</strong></span> <span class='ocrx_word' id='word_1_166' title='bbox 507 2822 620 2881; x_wconf 90' lang='lat' dir='ltr'><strong>poenas</strong></span> <span class='ocrx_word' id='word_1_167' title='bbox 630 2822 782 2865; x_wconf 86' lang='lat' dir='ltr'><strong>-curam</strong></span> <span class='ocrx_word' id='word_1_168' title='bbox 796 2803 874 2862; x_wconf 91' lang='lat' dir='ltr'><strong>hanc</strong></span> <span class='ocrx_word' id='word_1_169' title='bbox 888 2799 1189 2876; x_wconf 70' lang='lat' dir='ltr'><strong>dimittite—solvit,</strong></span> 
     </span>
     <span class='ocr_line' id='line_1_27' title="bbox 303 2893 1271 2974; baseline -0.005 -19"><span class='ocrx_word' id='word_1_170' title='bbox 303 2897 393 2971; x_wconf 89' lang='lat' dir='ltr'><strong>Quod</strong></span> <span class='ocrx_word' id='word_1_171' title='bbox 408 2907 506 2957; x_wconf 89' lang='lat' dir='ltr'><strong>tamen</strong></span> <span class='ocrx_word' id='word_1_172' title='bbox 521 2897 689 2971; x_wconf 89' lang='lat' dir='ltr'><strong>admissum,</strong></span> <span class='ocrx_word' id='word_1_173' title='bbox 706 2916 783 2974; x_wconf 88' lang='lat' dir='ltr'><strong>quae</strong></span> <span class='ocrx_word' id='word_1_174' title='bbox 798 2895 835 2955; x_wconf 91' lang='lat' dir='ltr'><strong>sit</strong></span> <span class='ocrx_word' id='word_1_175' title='bbox 847 2893 987 2967; x_wconf 84' lang='lat' dir='ltr'><strong>vindicta,</strong></span> <span class='ocrx_word' id='word_1_176' title='bbox 1003 2894 1128 2954; x_wconf 92' lang='lat' dir='ltr'><strong>docebo.</strong></span> <span class='ocrx_word' id='word_1_177' title='bbox 1235 2924 1271 2950; x_wconf 87' lang='lat'><strong>210</strong></span> 
     </span>
     <span class='ocr_line' id='line_1_28' title="bbox 304 2986 1012 3067; baseline -0.006 -18"><span class='ocrx_word' id='word_1_178' title='bbox 304 2988 475 3066; x_wconf 88' lang='lat' dir='ltr'><strong>Contigerat</strong></span> <span class='ocrx_word' id='word_1_179' title='bbox 489 2990 603 3049; x_wconf 86' lang='lat' dir='ltr'><strong>nostras</strong></span> <span class='ocrx_word' id='word_1_180' title='bbox 617 2990 743 3050; x_wconf 79' lang='lat' dir='ltr'><strong>infamia·</strong></span> <span class='ocrx_word' id='word_1_181' title='bbox 752 2986 899 3067; x_wconf 84' lang='lat' dir='ltr'><strong>temporis</strong></span> <span class='ocrx_word' id='word_1_182' title='bbox 908 3006 1012 3059; x_wconf 88' lang='lat' dir='ltr'><strong>aures;</strong></span> 
     </span>
    </p>

    <p class='ocr_par' dir='ltr' id='par_1_18' title="bbox 304 3079 1101 3159">
     <span class='ocr_line' id='line_1_29' title="bbox 304 3079 1101 3159; baseline -0.004 -19"><span class='ocrx_word' id='word_1_183' title='bbox 304 3082 402 3156; x_wconf 89' lang='lat' dir='ltr'><strong>Quam</strong></span> <span class='ocrx_word' id='word_1_184' title='bbox 418 3082 540 3159; x_wconf 91' lang='lat' dir='ltr'><strong>cupiens</strong></span> <span class='ocrx_word' id='word_1_185' title='bbox 555 3082 666 3156; x_wconf 86' lang='lat' dir='ltr'><strong>falsam,</strong></span> <span class='ocrx_word' id='word_1_186' title='bbox 683 3100 800 3141; x_wconf 89' lang='lat' dir='ltr'><strong>summo</strong></span> <span class='ocrx_word' id='word_1_187' title='bbox 815 3081 941 3141; x_wconf 89' lang='lat' dir='ltr'><strong>delabor</strong></span> <span class='ocrx_word' id='word_1_188' title='bbox 951 3079 1082 3156; x_wconf 88' lang='lat' dir='ltr'><strong>Olympo</strong></span> <span class='ocrx_word' id='word_1_189' title='bbox 1094 3100 1101 3155; x_wconf 67' lang='lat' dir='ltr'><em>j</em></span> 
     </span>
    </p>

    <p class='ocr_par' dir='ltr' id='par_1_19' title="bbox 305 3172 1001 3250">
     <span class='ocr_line' id='line_1_30' title="bbox 305 3172 1001 3250; baseline -0.003 -17"><span class='ocrx_word' id='word_1_190' title='bbox 305 3176 343 3233; x_wconf 87' lang='lat' dir='ltr'><strong>Et</strong></span> <span class='ocrx_word' id='word_1_191' title='bbox 357 3174 429 3233; x_wconf 91' lang='lat' dir='ltr'><strong>deus</strong></span> <span class='ocrx_word' id='word_1_192' title='bbox 444 3175 573 3234; x_wconf 88' lang='lat' dir='ltr'><strong>humana</strong></span> <span class='ocrx_word' id='word_1_193' title='bbox 587 3175 678 3235; x_wconf 89' lang='lat' dir='ltr'><strong>lustro</strong></span> <span class='ocrx_word' id='word_1_194' title='bbox 692 3175 747 3234; x_wconf 93' lang='lat' dir='ltr'><strong>sub</strong></span> <span class='ocrx_word' id='word_1_195' title='bbox 763 3172 890 3250; x_wconf 88' lang='lat' dir='ltr'><strong>imagine</strong></span> <span class='ocrx_word' id='word_1_196' title='bbox 904 3182 1001 3231; x_wconf 87' lang='lat' dir='ltr'><strong>terras.</strong></span> 
     </span>
    </p>

    <p class='ocr_par' dir='ltr' id='par_1_20' title="bbox 304 3264 1190 3622">
     <span class='ocr_line' id='line_1_31' title="bbox 304 3264 1190 3344; baseline -0.002 -19"><span class='ocrx_word' id='word_1_197' title='bbox 304 3268 408 3344; x_wconf 87' lang='lat' dir='ltr'><strong>Longa</strong></span> <span class='ocrx_word' id='word_1_198' title='bbox 421 3286 505 3327; x_wconf 91' lang='lat' dir='ltr'><strong>mora</strong></span> <span class='ocrx_word' id='word_1_199' title='bbox 518 3276 570 3341; x_wconf 89' lang='lat' dir='ltr'><strong>est,</strong></span> <span class='ocrx_word' id='word_1_200' title='bbox 587 3277 729 3344; x_wconf 90' lang='lat' dir='ltr'><strong>quantum</strong></span> <span class='ocrx_word' id='word_1_201' title='bbox 746 3285 842 3327; x_wconf 89' lang='lat' dir='ltr'><strong>noxae</strong></span> <span class='ocrx_word' id='word_1_202' title='bbox 857 3266 894 3326; x_wconf 87' lang='lat' dir='ltr'><strong>sit</strong></span> <span class='ocrx_word' id='word_1_203' title='bbox 907 3264 1018 3341; x_wconf 91' lang='lat' dir='ltr'><strong>ubique</strong></span> <span class='ocrx_word' id='word_1_204' title='bbox 1035 3274 1190 3341; x_wconf 88' lang='lat' dir='ltr'><strong>repertum,</strong></span> 
     </span>
     <span class='ocr_line' id='line_1_32' title="bbox 305 3351 992 3436; baseline -0.001 -19"><span class='ocrx_word' id='word_1_205' title='bbox 305 3361 483 3420; x_wconf 89' lang='lat' dir='ltr'><strong>Enumerare</strong></span> <span class='ocrx_word' id='word_1_206' title='bbox 495 3351 503 3419; x_wconf 71' lang='lat' dir='ltr'><strong>r</strong></span> <span class='ocrx_word' id='word_1_207' title='bbox 521 3359 617 3419; x_wconf 91' lang='lat' dir='ltr'><strong>minor</strong></span> <span class='ocrx_word' id='word_1_208' title='bbox 631 3359 685 3419; x_wconf 86' lang='lat' dir='ltr'><strong>fuit</strong></span> <span class='ocrx_word' id='word_1_209' title='bbox 698 3360 763 3436; x_wconf 88' lang='lat' dir='ltr'><strong>ipsa</strong></span> <span class='ocrx_word' id='word_1_210' title='bbox 782 3357 902 3417; x_wconf 86' lang='lat' dir='ltr'><strong>infamia</strong></span> <span class='ocrx_word' id='word_1_211' title='bbox 915 3376 992 3417; x_wconf 89' lang='lat' dir='ltr'><strong>vero.</strong></span> 
     </span>
     <span class='ocr_line' id='line_1_33' title="bbox 305 3450 1080 3527; baseline -0.003 -17"><span class='ocrx_word' id='word_1_212' title='bbox 305 3454 445 3512; x_wconf 87' lang='lat' dir='ltr'><strong>Maenala</strong></span> <span class='ocrx_word' id='word_1_213' title='bbox 458 3452 637 3527; x_wconf 85' lang='lat' dir='ltr'><strong>transieram,</strong></span> <span class='ocrx_word' id='word_1_214' title='bbox 653 3451 773 3512; x_wconf 90' lang='lat' dir='ltr'><strong>latebris</strong></span> <span class='ocrx_word' id='word_1_215' title='bbox 786 3450 934 3510; x_wconf 88' lang='lat' dir='ltr'><strong>horrenda</strong></span> <span class='ocrx_word' id='word_1_216' title='bbox 946 3451 1080 3523; x_wconf 86' lang='lat' dir='ltr'><strong>ferarum,</strong></span> 
     </span>
     <span class='ocr_line' id='line_1_34' title="bbox 305 3541 923 3622; baseline -0.002 -19"><span class='ocrx_word' id='word_1_217' title='bbox 305 3546 425 3604; x_wconf 92' lang='lat' dir='ltr'><strong>Etcum</strong></span> <span class='ocrx_word' id='word_1_218' title='bbox 440 3546 562 3622; x_wconf 82' lang='lat' dir='ltr'><strong>Cyllene</strong></span> <span class='ocrx_word' id='word_1_219' title='bbox 576 3543 666 3621; x_wconf 93' lang='lat' dir='ltr'><strong>gelidi</strong></span> <span class='ocrx_word' id='word_1_220' title='bbox 680 3543 782 3621; x_wconf 89' lang='lat' dir='ltr'><strong>pineta</strong></span> <span class='ocrx_word' id='word_1_221' title='bbox 795 3541 923 3619; x_wconf 84' lang='lat' dir='ltr'><strong>Lycaei3</strong></span> 
     </span>
    </p>

    <p class='ocr_par' dir='ltr' id='par_1_21' title="bbox 303 3633 1139 3897">
     <span class='ocr_line' id='line_1_35' title="bbox 303 3633 1047 3711; baseline -0.005 -16"><span class='ocrx_word' id='word_1_222' title='bbox 303 3637 436 3697; x_wconf 86' lang='lat' dir='ltr'><strong>Arcados</strong></span> <span class='ocrx_word' id='word_1_223' title='bbox 450 3636 519 3697; x_wconf 91' lang='lat' dir='ltr'><strong>hinc</strong></span> <span class='ocrx_word' id='word_1_224' title='bbox 534 3637 619 3696; x_wconf 90' lang='lat' dir='ltr'><strong>sedes</strong></span> <span class='ocrx_word' id='word_1_225' title='bbox 634 3646 664 3697; x_wconf 92' lang='lat' dir='ltr'><strong>et</strong></span> <span class='ocrx_word' id='word_1_226' title='bbox 677 3635 827 3711; x_wconf 86' lang='lat' dir='ltr'><strong>inhospita</strong></span> <span class='ocrx_word' id='word_1_227' title='bbox 841 3644 919 3694; x_wconf 87' lang='lat' dir='ltr'><strong>tecta</strong></span> <span class='ocrx_word' id='word_1_228' title='bbox 932 3633 1047 3711; x_wconf 90' lang='lat' dir='ltr'><strong>tyranni</strong></span> 
     </span>
     <span class='ocr_line' id='line_1_36' title="bbox 306 3727 1139 3805; baseline 0 -20"><span class='ocrx_word' id='word_1_229' title='bbox 306 3728 467 3804; x_wconf 87' lang='lat' dir='ltr'><strong>Ingredior,</strong></span> <span class='ocrx_word' id='word_1_230' title='bbox 483 3730 630 3789; x_wconf 85' lang='lat' dir='ltr'><strong>traherent</strong></span> <span class='ocrx_word' id='word_1_231' title='bbox 644 3746 735 3805; x_wconf 89' lang='lat' dir='ltr'><strong>quum</strong></span> <span class='ocrx_word' id='word_1_232' title='bbox 750 3746 815 3786; x_wconf 89' lang='lat' dir='ltr'><strong>sera</strong></span> <span class='ocrx_word' id='word_1_233' title='bbox 829 3727 1001 3804; x_wconf 86' lang='lat' dir='ltr'><strong>crepuscula</strong></span> <span class='ocrx_word' id='word_1_234' title='bbox 1014 3735 1139 3786; x_wconf 90' lang='lat' dir='ltr'><strong>noctem.</strong></span> 
     </span>
     <span class='ocr_line' id='line_1_37' title="bbox 305 3816 1020 3897; baseline -0.001 -18"><span class='ocrx_word' id='word_1_235' title='bbox 305 3819 394 3897; x_wconf 87' lang='lat' dir='ltr'><strong>Signa</strong></span> <span class='ocrx_word' id='word_1_236' title='bbox 407 3820 476 3882; x_wconf 90' lang='lat' dir='ltr'><strong>dedi</strong></span> <span class='ocrx_word' id='word_1_237' title='bbox 490 3820 608 3881; x_wconf 87' lang='lat' dir='ltr'><strong>venisse</strong></span> <span class='ocrx_word' id='word_1_238' title='bbox 619 3821 717 3895; x_wconf 90' lang='lat' dir='ltr'><strong>deum,</strong></span> <span class='ocrx_word' id='word_1_239' title='bbox 732 3820 895 3895; x_wconf 84' lang='lat' dir='ltr'><strong>vulgusque</strong></span> <span class='ocrx_word' id='word_1_240' title='bbox 908 3816 1020 3894; x_wconf 87' lang='lat' dir='ltr'><strong>precari</strong></span> 
     </span>
    </p>
   </div>
   <div class='ocr_carea' id='block_1_3' title="bbox 0 0 1518 4700">
    <p class='ocr_par' dir='ltr' id='par_1_22' title="bbox 0 0 1518 4700">
     <span class='ocr_line' id='line_1_38' title="bbox 0 0 1518 4700; baseline 0 0"><span class='ocrx_word' id='word_1_241' title='bbox 0 0 1518 4700; x_wconf 95' lang='lat' dir='ltr'><strong> </strong></span> 
     </span>
    </p>
   </div>
  </div>
 </body>
</html>
