3017 4700
536 457 742 502 METAMORPH.
767 459 825 502 ΠΒ.
847 459 896 502 Ἦ.“

228 608 329 667 Altera
342 625 395 683 per
412 604 548 685 jugulum
563 605 671 682 pennis
685 613 772 664 tenus
786 614 853 665 acta
867 602 974 682 sagitta
987 613 1039 663 est.

230 700 350 778 Expulit
362 701 440 759 hanc
454 699 582 777 sanguis,
599 716 692 775 seque
706 698 867 778 ejaculatus
881 697 913 756 in
927 698 1019 756 altum

230 793 345 853 Emicat
358 801 389 852 et
402 792 491 870 longe
505 791 652 851 terebrata
665 791 782 868 prosilit
795 777 874 850 auia

230 887 361 947 Ultimus
376 885 509 944 Ilioneus
523 903 584 944 non
598 884 765 961 profectura
778 884 929 961 precando

230 979 354 1038 Brachia
368 978 534 1051 sustulerat,
551 977 650 1054 Dique
665 997 683 1036 0
698 977 894 1036 communiter
908 995 1022 1050 omnes,
1062 997 1065 1003 ’

231 1073 360 1145 Dixerat,
375 1071 494 1149 ignarus
509 1090 570 1130 non
584 1088 690 1130 omnes
704 1087 770 1129 esse
784 1070 942 1147 rogandos,

230 1165 362 1225 Parcite!
385 1167 488 1223 Motus
503 1172 573 1236 erat,
589 1183 691 1240 quum.
698 1164 761 1242 jam
774 1162 941 1222 revocabile
956 1163 1048 1222 telum

230 1260 301 1318 Non
315 1257 377 1332 fuit,
393 1256 590 1330 Arcitenens;
610 1255 732 1315 minimo
747 1267 845 1315 tamen
860 1256 970 1316 occidit
983 1256 1034 1336 ille

230 1353 369 1425 Vulnere,
385 1369 447 1409 non
462 1350 520 1409 alte
534 1368 675 1426 percusso
690 1349 780 1408 corde
795 1348 909 1427 sagitta.

231 1447 256 1503 F
257 1463 323 1506 ama
336 1443 407 1502 mali
421 1442 583 1520 populique
599 1442 685 1501 dolor
698 1442 897 1518 lacrimaeque
911 1462 1033 1502 suorum

231 1539 307 1596 Tam
321 1535 436 1596 subitae
450 1545 574 1595 matrem
588 1544 699 1594 certam
713 1535 811 1594 secere
825 1535 936 1609 ruinae,

232 1631 394 1689 Mirantem
408 1629 549 1706 potuisse,
565 1628 800 1705 irascentemque
815 1629 896 1705 quod
911 1629 975 1689 ausi

232 1726 302 1782 Hoc
317 1732 419 1783 essent
433 1721 540 1799 superi,
556 1721 638 1798 quod
653 1731 768 1781 tantum
785 1721 859 1802 juris
873 1722 1026 1782 haberent.

233 1817 312 1875 Nam
325 1824 410 1892 pater
424 1814 577 1891 Amphion
590 1814 667 1873 ferro
681 1833 735 1892 per
748 1827 853 1892 pectus
867 1815 974 1876 adacto

233 1909 362 1968 Finierat
377 1907 505 1966 moriens
520 1906 629 1982 pariter
643 1927 710 1967 cum
724 1910 790 1967 luce
805 1909 947 1968 dolorem.

233 2004 314 2084 Heu,
330 2011 471 2078 quantum
486 2000 560 2059 haec
575 2000 673 2060 Niobe
689 2000 788 2060 Niobe
803 2002 933 2061 distabat
947 2001 985 2061 ab
999 1999 1058 2074 illa,

233 2096 319 2169 Quae
333 2094 423 2152 modo
438 2093 539 2152 Latois
549 2094 693 2170 populum
707 2093 896 2154 submoverat
909 2094 968 2153 aris

235 2190 273 2246 Et
287 2187 415 2246 mediam
429 2186 535 2246 tulerat
548 2205 667 2264 gressus
682 2187 822 2263 resupina
834 2206 889 2264 per
901 2185 1015 2259 urbem,

235 2280 387 2340 Invidiosa
401 2279 477 2338 suis!
520 2282 562 2338 At
576 2297 655 2338 nunc
669 2279 839 2338 miseranda
852 2280 899 2340 vel
913 2278 993 2338 hosti

235 2373 417 2451 Corporibus
430 2372 705 2452 gelidisincumbit,
721 2383 752 2433 et
766 2374 872 2433 ordine
886 2374 969 2433 nullo

235 2468 347 2529 Oscula
361 2468 515 2545 dispensat
529 2476 615 2527 natos
630 2459 768 2545 suprema
781 2488 834 2545 per
847 2486 961 2528 omnes.
1025 2480 1029 2486 ·

138 2612 141 2620 ,
235 2564 263 2620 Α
278 2560 385 2637 quibus
399 2561 438 2620 ad
453 2560 569 2619 coelum
584 2557 704 2621 liventia
718 2561 840 2622 brachia
854 2562 989 2634 tendens,

235 2656 370 2726 Pascere,
386 2653 522 2726 crudelis,
538 2663 648 2728 nostm,
665 2643 790 2728 Latona,
805 2656 918 2728 dolore,

235 2744 384 2827 [Pascere,
400 2747 448 2820 ait,
465 2746 596 2824 satiaque
612 2766 680 2807 meo
695 2756 746 2807 tua
760 2758 883 2825 pectora
897 2743 1001 2826 luctu]

236 2842 355 2917 Corque
369 2840 462 2899 ferum
477 2840 568 2900 satia!
590 2840 682 2900 dixit:
703 2842 761 2901 Per
774 2842 878 2901 lunera
892 2851 1007 2918 septem

236 2934 368 2993 Efferor:
395 2934 516 3005 exsulta,
531 2932 695 3010 victrixque
709 2934 830 2993 inimica
843 2935 1009 3010 triumpha!

236 3025 297 3086 Cur
311 3036 409 3085 autem
423 3026 547 3085 victrix?
588 3026 717 3087 Miserae
731 3027 804 3085 mihi
818 3027 903 3103 plura
916 3032 1083 3103 supersunt,

236 3119 335 3193 Quam
349 3118 402 3178 tibi
416 3119 494 3178 felici
508 3142 513 3177 :
534 3129 603 3196 post
617 3129 661 3179 tot
675 3138 795 3195 quoque
808 3120 912 3179 funera
924 3119 1021 3177 vinco,

236 3213 379 3286 Dixerat3
399 3221 429 3271 et
443 3210 542 3273 sonuit
556 3221 698 3272 contento
712 3231 820 3271 nervus
834 3213 872 3271 ab
886 3230 964 3283 arcu,

237 3305 297 3379 Qui
311 3313 427 3382 praeter
443 3305 564 3364 Nioben
578 3324 668 3364 unam
682 3304 842 3364 conterruit
855 3322 959 3363 omnes
971 3324 980 3378 3
1012 3296 1018 3309 ⁶

237 3398 294 3457 Illa
307 3398 385 3457 malo
401 3408 445 3457 est
459 3398 562 3457 audax.
608 3398 733 3457 Stabant
746 3416 814 3456 cum
827 3396 959 3456 vestibus
973 3394 1044 3455 atris

236 3496 315 3552 Ante
330 3502 410 3553 toros
424 3495 545 3553 fratrum
559 3492 689 3552 demisso
703 3492 784 3551 crine
798 3509 923 3551 sorores.

238 3589 264 3645 E
279 3586 386 3662 quibus
399 3606 468 3660 una,
484 3586 605 3646 trahens
619 3584 773 3645 haerentia
785 3585 897 3643 viscere
911 3582 980 3656 tela,

238 3678 386 3755 Imposito
400 3678 479 3737 fratri
493 3677 671 3737 moribunda
684 3676 831 3756 relanguit
844 3694 904 3735 ore.

237 3771 348 3845 Altera,
365 3769 452 3831 solari
466 3770 604 3831 miseram
618 3779 725 3829 conata
738 3778 902 3845 parentem,

239 3864 391 3926 Conticuit
405 3863 512 3937 subito,
528 3862 736 3940 duplicataque
750 3862 872 3921 vulnere
886 3876 977 3920 caeco
990 3869 1044 3933 est,
