3017 4700
261 437 263 440 ,
305 403 360 464 152
570 440 574 445 ,
616 403 641 446 Ρ.
662 401 796 446 VIRGILII
818 403 961 447 MARONIS

303 546 483 626 Congemuit
496 548 642 626 traxitque
655 548 732 626 jugis
746 551 847 609 avulsa
861 549 983 609 ruinam

303 644 473 716 Descend0,
488 661 524 702 ac
538 643 666 702 ducente
681 643 738 702 deo
753 643 904 714 flammam
919 643 995 702 inter
1009 653 1038 704 et
1052 644 1155 706 hostes

304 736 471 814 Expedior;
492 737 565 796 dant
579 738 638 796 tela
652 738 759 808 locum,
775 736 971 812 flammaeque
986 738 1137 798 recedunt.

342 832 443 906 Atque
457 829 508 889 ubi
520 831 583 905 jam
597 828 708 906 patriae
722 839 896 905 perventum
910 830 949 888 ad
963 829 1066 890 limina
1080 829 1160 890 sedis

302 921 510 999 Antiquusque
525 923 639 996 domos,
655 920 778 999 genitor,
795 941 884 998 quem
899 924 1002 984 tollere
1017 923 1047 982 in
1063 925 1140 985 altos
1239 941 1277 990 ⁶33

302 1016 453 1093 Optabam
467 1015 595 1092 primum
609 1025 726 1075 montes
739 1015 927 1092 primumque
941 1018 1090 1092 petebam,

302 1110 443 1187 Abnegat
457 1108 557 1168 excisa
569 1108 660 1168 vitam
673 1108 838 1185 producere
852 1109 944 1186 Troja

110 1207 119 1222 '
222 1215 224 1219 ’
303 1202 507 1279 Exsiliumque
521 1201 591 1279 pati.
627 1203 692 1262 Vos
706 1221 734 1276 o,
751 1201 859 1278 quibus
874 1203 988 1280 integer
1001 1201 1066 1262 aevi

301 1294 434 1373 Sanguis,
450 1295 499 1369 ait,
515 1294 689 1370 solidaeque
704 1313 759 1354 suo
773 1306 852 1356 stant
865 1295 972 1356 robore
986 1295 1071 1370 vires,

300 1390 365 1449 Vos
379 1388 487 1465 agitate
501 1389 607 1464 fugam.

301 1483 354 1542 Me
369 1481 394 1540 si
408 1481 569 1540 coelicolae
584 1478 746 1540 voluissent
761 1481 869 1542 ducere
882 1480 982 1555 vitam,

301 1577 369 1634 Has
383 1573 456 1633 mihi
471 1584 637 1634 servassent
651 1574 745 1634 sedes.
790 1574 866 1634 Satis
880 1593 940 1634 una
953 1593 1100 1652 superque

300 1665 438 1739 Vidimus
453 1666 584 1726 exscidia
598 1678 628 1727 et
641 1679 747 1744 captae
762 1667 963 1745 superavimus
977 1668 1056 1729 urbi..

300 1760 349 1821 Sic
364 1779 391 1834 o,
408 1760 450 1820 sic
464 1760 595 1837 positum
610 1760 691 1820 affati
705 1760 849 1820 discedite
864 1779 979 1838 corpus.

301 1857 372 1931 Ipse
387 1862 476 1913 m'anu
490 1864 617 1913 mortem
631 1853 800 1928 inveniam3
820 1854 1006 1914 miserebitur
1019 1853 1113 1915 hostis
1239 1873 1276 1938 qs

267 2004 268 2009 ,
301 1946 488 2023 Exuviasque
503 1957 603 2024 petet,
623 1947 719 2006 facilis
731 1949 846 2024 jactura
861 1946 1016 2024 sepulchri.

298 2042 368 2117 Jam
381 2039 497 2117 pridem
509 2039 623 2100 'invisus
638 2040 715 2099 divis
729 2051 759 2100 et
774 2040 884 2100 inutilis
898 2059 994 2100 annos

300 2135 456 2207 Demoror‚
473 2154 510 2194 ex
524 2153 586 2210 quo
599 2153 646 2193 me
661 2133 763 2193 divum
777 2143 963 2211 poteratque
977 2133 1132 2193 hominum
1146 2153 1197 2195 rex

300 2227 444 2288 Fulminis
459 2227 568 2287 afflavit
581 2226 677 2286 ventis
691 2238 721 2287 et
734 2227 860 2304 contigit
874 2226 942 2304 igni.
1062 2211 1070 2231 ’

340 2321 427 2382 Talia
440 2322 591 2400 perstabat
605 2339 782 2394 memorans,
798 2321 932 2397 fixusque
946 2319 1093 2381 manebat.
1239 2337 1277 2387 ες»
1366 2384 1373 2396 ,

253 2478 256 2483 ,
300 2418 367 2475 Nos
381 2425 486 2475 contra
499 2414 583 2475 effusi
598 2414 727 2474 lacrimis
741 2416 910 2490 conjuxque
927 2414 1041 2474 Creusa

301 2508 506 2584 Ascaniusque
521 2506 679 2583 omnisque
691 2507 808 2580 domus,
824 2525 863 2566 ne
877 2515 989 2566 vertere
1004 2525 1107 2566 secum

301 2603 419 2662 Cuncta
432 2612 516 2677 pater
530 2602 651 2675 fatoque
664 2598 801 2675 urguenti
815 2598 986 2659 incumbere
1000 2601 1097 2660 vellet

301 2695 448 2770 Abnegat,
464 2693 645 2770 inceptoque
660 2703 690 2752 et
704 2692 825 2752 sedibus
839 2692 940 2752 haeret
954 2692 984 2751 in
999 2692 1104 2753 isdem.

301 2788 416 2845 Rursus
429 2786 461 2843 in
475 2806 558 2845 arma
571 2788 657 2859 feror,
672 2796 859 2863 mortemque
873 2784 1053 2845 miserrimus
1067 2796 1149 2863 opt0,
1240 2806 1277 2853 055

301 2881 381 2938 Nam
395 2879 478 2955 quod
491 2878 650 2939 consilium
664 2889 716 2939 aut
730 2898 806 2956 quae
819 2880 880 2955 jam
895 2879 1012 2939 fortuna
1026 2880 1170 2940 dabatur?

301 2974 393 3031 Mene
408 2974 510 3033 efferre
525 2973 642 3050 pedem,
658 2972 782 3050 genitor,
798 2983 828 3033 te
842 2991 930 3049 posse
945 2972 1048 3033 relicto

302 3066 441 3142 Sperasti,
456 3076 631 3142 tantumque
645 3067 729 3125 nefas
742 3066 839 3143 patrio
854 3065 963 3126 excidit
978 3068 1050 3126 ore?

300 3158 332 3219 Si
346 3158 419 3218 nihil
433 3178 470 3218 ex
484 3168 567 3218 tanta
582 3159 701 3236 Superis
716 3162 815 3236 placet
828 3160 900 3219 urbe
914 3158 1049 3235 relinqui,

301 3256 340 3313 Et
355 3255 439 3314 sedet
453 3255 512 3315 hoc
526 3254 636 3329 animo,
651 3255 857 3333 perituraeque
872 3256 982 3315 addere
997 3257 1106 3333 Trojae
1241 3274 1278 3312 eso

299 3349 406 3423 Teque
419 3357 546 3425 tuosque
559 3350 650 3424 juvat,
665 3358 749 3425 patet
763 3348 811 3409 isti
824 3351 915 3425 janua
929 3349 998 3421 leto,

299 3442 427 3516 Jamque
442 3440 535 3501 aderit
549 3442 643 3501 multo
658 3441 767 3501 Priami
782 3443 820 3503 de
835 3442 978 3519 sanguine
993 3442 1129 3520 Pyrrhus,

301 3535 413 3592 Natum
428 3544 497 3593 ante
511 3552 564 3593 ora
577 3534 677 3611 patris,
693 3545 808 3611 patrem
824 3534 874 3611 qui
889 3536 1046 3595 obtruncat
1061 3536 1099 3596 ad
1115 3554 1187 3596 aras.

301 3627 374 3685 Hoc
386 3636 458 3700 erat,
474 3628 553 3686 alma
565 3646 682 3703 parens,
698 3628 780 3704 quod
794 3645 842 3687 me
856 3646 910 3705 per
924 3629 991 3702 tela,
1007 3648 1060 3705 per
1073 3628 1163 3707 ignes.

254 3708 257 3713 ’
302 3718 406 3796 Eripis,
422 3730 454 3780 ut
467 3720 574 3780 mediis
587 3722 704 3781 hostem
718 3720 750 3779 in
764 3720 973 3797 penetralibus,
989 3732 1081 3798 utque
1242 3741 1279 3789 ⁶⁶⁵

302 3812 463 3873 Ascanium
477 3824 652 3891 patremque
665 3832 765 3874 meum
778 3816 921 3891 juxtaque
937 3816 1080 3875 Creusam
