3017 4700
571 403 727 449 AENEIDOS
749 404 807 448 LIB.
829 405 856 448 V.

229 548 298 622 Ille,
308 546 389 607 velut
403 546 513 608 celsam
525 558 679 627 oppugnat
693 549 744 625 qui
758 549 884 609 molibus
898 550 1012 623 urbem,

229 643 290 701 Aut
303 650 445 700 montana
459 641 543 701 sedet
556 641 667 702 circum
681 642 805 702 castella
818 643 874 701 sub
889 641 986 715 annis,
1166 669 1204 706 4⁴0

229 736 317 794 Nunc
331 735 394 807 hos,
410 753 490 792 nunc
504 734 572 794 illos
586 734 694 806 aditus,
709 753 887 811 omnemque
901 744 1033 810 pererrat

230 829 302 886 Arte
317 827 423 899 locum,
439 837 470 885 et
483 826 571 886 variis
585 826 750 886 adsultibus
765 826 862 906 irritus
877 837 988 903 urguet.
1024 835 1035 894 ί
1048 841 1077 892 5:
1109 847 1113 857 ·
1129 831 1197 886 td&
1212 837 1218 854 ¹

229 919 369 979 Ostendit
383 919 516 978 dextram
532 919 686 998 insurgens
702 919 837 980 Entellus
852 929 883 979 et
896 920 954 979 alte
1019 962 1034 1003 s,

228 1012 360 1070 Extulit:
380 1012 430 1070 ille
445 1013 537 1072 ictum
550 1012 719 1072 venientem
734 1031 751 1070 a
766 1012 876 1071 vertice
890 1013 977 1073 velox
1014 1022 1113 1102 ,taran
1124 1035 1168 1080 to
1235 1073 1239 1080 ,
1271 1026 1280 1043 ‘
1307 1038 1313 1085 ;
1339 1064 1342 1072 .

228 1104 385 1178 Praevidit,
400 1105 548 1181 celerique
562 1105 682 1182 elapsus
696 1123 821 1180 corpore
836 1104 946 1165 cessit:
1009 1105 1020 1144 's
1167 1135 1204 1173 us

229 1198 364 1257 Entellus
378 1198 455 1257 vires
469 1197 500 1256 in
514 1208 635 1258 ventum
649 1197 761 1270 effudit,
778 1207 808 1256 et
822 1198 899 1258 ultro

228 1289 243 1346 I
246 1307 300 1364 pse
313 1289 411 1366 gravis
425 1289 611 1366 graviterque
625 1290 665 1349 ad
679 1299 787 1350 terram
802 1289 935 1364 pondere
949 1299 1034 1350 vasto

228 1380 388 1440 Concidit:
408 1392 441 1440 ut
455 1382 606 1458 quondam
620 1401 694 1442 cava
707 1381 839 1441 concidit
853 1392 903 1440 aut
918 1382 1109 1460 Erymantho,

227 1477 290 1533 Aut
304 1475 361 1533 Ida
375 1475 406 1532 in
420 1494 536 1552 magna,
551 1468 699 1542 radicibus
714 1484 799 1533 eruta
811 1474 907 1550 pinus.
914 1519 935 1569 l

228 1569 420 1646 Consurgunt
434 1568 539 1627 studiis
553 1567 660 1627 Teucri
675 1579 705 1628 et
718 1567 873 1626 Trinacria
886 1567 980 1644 pubes
991 1590 1001 1642 3

228 1663 257 1720 It
270 1663 383 1721 clamor
396 1662 490 1735 coelo,
505 1661 674 1738 primusque
689 1661 814 1720 accurrit
829 1663 964 1733 AcesteS,

226 1757 478 1832 Aequaevumque
492 1754 530 1813 ab
545 1755 638 1812 humo
652 1753 797 1814 miserans
812 1752 919 1813 attollit
932 1754 1068 1830 amicum,

227 1850 269 1907 At
283 1867 343 1907 non
358 1848 491 1907 tardatus
505 1865 576 1906 casu
591 1865 690 1923 neque
706 1846 824 1906 territus
838 1847 925 1906 heros

150 1978 152 1981 -
227 1940 332 1999 Acrior
346 1940 384 1999 ad
399 1958 527 2017 pugnam
542 1939 628 2012 redit,
643 1958 679 1998 ac
693 1938 752 1998 vim
767 1938 889 1998 suscitat
903 1939 953 1998 ira

227 2033 305 2092 Tum
318 2033 414 2108 pudor
427 2031 561 2093 incendit
574 2031 651 2090 vires
666 2042 695 2091 et
709 2032 831 2091 conscia
844 2032 943 2106 virtus,

227 2125 483 2202 Praecipitemque
498 2124 600 2183 Daren
614 2124 725 2183 ardens
739 2123 801 2201 agit
815 2143 943 2200 aequore
957 2132 1030 2197 totu,

227 2220 316 2277 Nunc
331 2217 433 2276 dextra
447 2214 634 2294 ingeminans
650 2215 735 2289 ictus,
751 2235 831 2276 nunc
845 2217 895 2276 ille
909 2216 1045 2290 sinistra;

227 2311 293 2370 Nec
307 2329 398 2383 mora,
414 2328 470 2369 nec
484 2308 603 2386 requies
615 2331 627 2374 ε,
642 2327 732 2386 quarn
747 2310 839 2370 multa
852 2308 996 2389 grandine
1012 2308 1104 2371 nimbi

227 2403 415 2463 Culminibus
428 2402 582 2478 crepitant,
597 2401 641 2462 sic
655 2402 758 2461 densis
773 2402 880 2462 ictibus
893 2403 981 2464 heros

228 2494 338 2555 Creber
352 2505 475 2571 utraque
490 2513 581 2554 manu
596 2495 696 2570 pulsat
710 2506 866 2572 versatque
881 2498 1000 2557 Dareta.

225 2589 304 2647 Tum
317 2599 401 2665 pater
415 2590 534 2647 Aeneas
548 2588 711 2664 procedere
726 2588 844 2667 longius
858 2587 916 2648 iras

226 2681 265 2740 Et
279 2681 390 2740 saevire
404 2680 511 2740 animis
527 2681 677 2739 Entellum
694 2681 774 2740 haud
789 2700 896 2757 passus
910 2681 1044 2758 acerbis3

228 2774 287 2832 Sed
302 2774 392 2832 finem
404 2773 546 2858 imposuit
560 2792 687 2851 pugnae,
703 2773 875 2851 fessumque
890 2776 1001 2835 Dareta

226 2866 350 2943 Eripuit,
366 2866 500 2925 mulcens
515 2861 612 2939 dictis,
627 2884 662 2925 ac
677 2865 747 2926 talia
761 2868 854 2926 fatur:

226 2960 343 3033 Infelix,
359 2978 436 3035 quae
450 2968 533 3017 tanta
546 2957 677 3017 animum
692 2959 842 3018 dementia
856 2959 957 3036 cepit?
984 3016 986 3023 ,

226 3054 297 3111 Non
311 3052 389 3111 vires
403 3052 477 3111 alias
491 3069 693 3127 conversaque
707 3051 829 3111 numina
842 3053 958 3113 sentis?

227 3145 311 3204 Cede
326 3145 391 3204 deo.
435 3144 577 3220 Dixitque
592 3153 623 3203 et
635 3144 749 3221 proelia
762 3163 836 3203 voce
851 3146 975 3206 diremit.

226 3241 285 3297 Ast
298 3237 381 3296 illum
394 3238 447 3296 fidi
461 3237 610 3312 aequales,
625 3255 723 3314 genua
735 3256 825 3313 aegra
839 3239 1014 3312 trahentem,

224 3333 452 3407 Jactanter'nque
465 3340 592 3406 utroque
605 3339 704 3406 caput,
719 3349 910 3407 crassumque
924 3350 1060 3392 cruorem

225 3425 287 3484 Ore
301 3426 479 3499 ejectantem
493 3423 659 3499 mixtosque
673 3423 704 3480 in
718 3423 863 3501 sanguine
878 3424 993 3498 dentes,
1095 3466 1097 3475 .
1190 3449 1203 3475 ο

226 3518 347 3576 Ducunt
362 3516 399 3575 ad
415 3534 525 3589 naves;
544 3515 720 3593 galeamque
735 3533 897 3592 ensemque
912 3516 1010 3577 vocati

154 3670 157 3677 ,
224 3608 404 3685 Accipiunt;
424 3608 553 3685 palmam
568 3594 687 3681 Entello
702 3617 877 3685 taurumque
891 3610 1070 3686 relinquunt

226 3702 288 3761 Hic
301 3700 403 3774 victor,
419 3719 563 3776 superans
577 3698 683 3759 animis
697 3710 840 3777 tauroque
855 3702 1019 3778 superbus:

226 3796 304 3855 Nate
318 3795 383 3867 dea,
398 3811 511 3869 vosque
525 3793 608 3866 haec,
625 3793 729 3869 inquit,
743 3794 925 3873 cognoscite,
941 3793 1058 3868 Teucri,

505 3911 529 3949 14
