3017 4700
522 450 683 497 buconem
726 450 791 495 ECL.
800 478 803 489 ι
813 447 867 492 Vll.

211 598 370 660 Horridior
383 616 478 671 rusco,
494 598 628 674 pr0Jecta
641 595 725 655 vilior
738 597 813 674 alga,

210 693 240 753 Si
254 691 326 750 mihi
340 709 401 751 non
415 692 489 750 haec
504 690 554 750 lux
567 697 630 749 toto
648 689 710 768 jam
725 689 841 769 longior
857 707 937 750 anno
951 697 1004 749 est.

212 788 258 845 Ite
272 785 393 844 domum
407 784 494 861 pasti,
510 784 536 843 si
550 782 616 859 quis
629 782 735 860 pudor,
750 782 791 842 ite
809 782 934 863 juvenci.

621 903 759 941 conrnom

213 970 347 1035 Muscosi
361 970 459 1030 sontes
473 980 503 1029 et
517 988 624 1029 somno
636 968 754 1029 mollior
767 969 868 1042 herba,

212 1065 251 1122 Et
265 1082 341 1139 quae
355 1082 409 1123 vos
423 1082 488 1122 rara
500 1062 602 1122 viridis
617 1062 690 1140 tegit
704 1063 826 1122 arbutus
839 1063 951 1134 umbra,

214 1157 378 1226 Solstitinm
392 1157 493 1233 pecori
507 1155 659 1216 defendite
672 1179 681 1231 3
700 1157 761 1233 jam
776 1157 856 1216 venit
870 1165 965 1215 aestas

212 1250 347 1340 Tonida,
366 1251 428 1326 jam
442 1250 520 1309 laeto
535 1248 697 1326 turgentia
711 1248 833 1325 palmite
846 1265 989 1328 gemmae.
1100 1273 1104 1286 ⁸
1187 1303 1190 1312 ,

635 1371 758 1408 τιιγιιειε
936 1403 940 1410 .

214 1437 275 1494 Hic
289 1435 378 1495 focus
387 1444 417 1494 et
431 1436 535 1495 taedae
546 1437 681 1515 pingues,
697 1437 746 1495 hic
760 1435 903 1512 plurimus
916 1433 993 1512 ignis

215 1529 346 1605 Semper,
359 1535 388 1586 et
398 1527 523 1587 adsidua
537 1538 642 1606 postes
656 1528 778 1606 fuligine
793 1526 866 1608 nigri
877 1549 887 1602 3

215 1622 276 1683 Hic
290 1629 405 1680 tantum
420 1621 531 1680 Boreae
546 1640 681 1680 curamus
696 1620 812 1699 frigora,
828 1629 970 1697 quantum

215 1717 276 1773 Aut
290 1731 445 1772 nnmerum
458 1714 553 1790 lupus,
569 1723 620 1773 aut
633 1713 775 1773 torrentia
789 1712 910 1772 flumina
924 1712 1011 1788 ripas.

636 1828 773 1864 CORYDON.

217 1893 302 1952 Stant
316 1902 347 1952 et
366 1891 494 1970 juniperi
510 1903 539 1952 et
553 1903 710 1953 castaneae
724 1893 855 1954 hirsutae
866 1915 875 1968 5

217 1987 314 2045 Strata
331 1986 432 2064 jacent
445 1986 557 2063 passim
572 2006 626 2046 sua
640 2005 757 2062 quaque
772 1987 827 2046 sub
842 1986 946 2046 arbore
960 2001 1069 2063 poma,

217 2078 326 2139 Omnia
339 2097 418 2137 nunc
432 2077 548 2152 rident,
568 2089 599 2139 at
613 2079 638 2139 si
652 2079 798 2138 formosus
813 2079 916 2138 Alexis

218 2169 373 2230 Montibus
387 2169 434 2230 his
448 2172 544 2246 abeat,
559 2172 661 2231 videas
676 2182 705 2231 et
719 2169 840 2230 flumina
853 2172 939 2232 sicca

635 2275 758 2312 annisis.

219 2354 293 2410 Aret
306 2370 376 2430 ager
388 2372 397 2424 3
416 2350 487 2411 vitio
502 2350 630 2411 moriens
644 2350 706 2412 sitit
720 2353 797 2411 aeris
810 2350 903 2411 herba
911 2372 920 2426 ς

219 2442 309 2503 Liber
321 2443 494 2520 pampineas
508 2444 614 2504 invidit
627 2444 752 2505 collibus
767 2444 886 2504 umbras
900 2466 906 2502 :

220 2536 363 2615 Phyllidis
377 2536 507 2597 adventu
521 2547 639 2598 nostrae
652 2557 757 2598 nemus
772 2556 861 2597 omne
874 2534 988 2610 virebit,

219 2630 356 2708 Juppiter
370 2640 400 2690 et
414 2630 493 2691 laeto
507 2631 670 2692 descendet
684 2631 826 2709 plurimus
842 2630 937 2690 imbri.

222 2813 354 2890 Populus
368 2812 492 2872 Alcidae
505 2749 772 2891 gmfissigffivyipins.
781 2814 900 2886 Iaccho,

222 2908 385 2965 Formosae
398 2914 509 2982 myrtus
523 2908 643 2981 Veneri,
659 2926 713 2966 sna
725 2908 826 2966 laurea
840 2904 963 2964 Phoebo
973 2926 996 2978 3.

224 2996 336 3075 Phyllis
350 3007 428 3055 amat
442 2999 576 3079 corylos,
596 3001 662 3060 illas
676 2999 747 3058 dum
762 2999 874 3077 Phyllis
888 2995 1007 3069 amabit,

224 3094 291 3151 Nec
303 3098 415 3169 myrtus
429 3090 529 3153 vincet
542 3093 666 3171 corylos,
682 3110 739 3150 nec
752 3093 854 3152 laurea
868 3086 990 3149 Phoebi.
1008 3164 1011 3169 1

651 3200 778 3241 annana,

226 3267 368 3328 Fraxinus
382 3270 413 3328 in
427 3267 509 3328 silvis
522 3266 727 3345 pulcherrima,
742 3263 831 3342 pinus
845 3263 876 3322 in
889 3262 991 3336 hortis,

227 3363 357 3439 Populus
371 3362 402 3420 in
415 3362 518 3434 fluviis,
534 3360 616 3419 abies
630 3359 661 3417 in
675 3357 825 3418 montibus
839 3356 926 3431 altis;

224 3455 351 3535 ,Saepius
365 3464 395 3514 at
409 3455 505 3527 sime,
521 3452 634 3531 Lycida
647 3452 786 3523 formose,
802 3450 924 3523 revisas,

228 3548 373 3608 Fraxinus
388 3547 418 3606 in
433 3546 514 3607 silvis
528 3545 616 3605 cedat
630 3544 692 3618 tibi,
708 3544 797 3621 pinus
811 3542 842 3601 in
856 3539 957 3601 h‘ortis.

631 3663 796 3701 nmmorns.

230 3733 318 3791 Haec
331 3730 462 3804 memini,
475 3740 505 3790 et
518 3730 628 3789 victum
642 3730 750 3790 frustra
764 3728 945 3799 contendere
959 3724 1105 3807 Thyrsim.

229 3825 276 3883 Ex
289 3824 341 3885 illo
356 3824 498 3903 Corydon
512 3823 652 3901 Corydon
666 3833 713 3884 est
726 3831 859 3899 tempore
873 3820 968 3880 nobis.
1009 3880 1017 3900 Ι
