3017 4700
306 397 363 471 184
619 414 645 456 r.
664 413 798 458 virumn
820 413 964 459 usnours

304 556 464 618 Piniferum
477 567 568 634 caput
581 568 611 618 et
624 569 715 618 vento
727 560 860 636 pulsatur
874 571 904 620 et
918 559 1023 634 imbri;

304 651 365 711 Nix
378 653 517 712 humeros
531 650 627 712 infusa
640 652 732 730 tegit;
752 664 815 713 tum
829 653 952 714 flumina
965 665 1066 716 mento
1243 685 1280 722 250

305 744 504 822 Praecipitant
517 745 605 819 senis,
622 757 653 806 et
666 746 760 823 glacie
775 746 850 824 riget
863 748 981 807 horrida
994 749 1094 808 barba.

304 839 368 898 Hic
381 836 509 915 primum
522 839 642 915 paribus
655 840 754 899 nitens
768 839 920 917 Cyllenius
937 839 992 900 alis

305 930 466 1005 Constitit;
486 930 556 990 hinc
570 941 636 992 toto
649 951 792 1009 praeceps
806 951 840 992 se
854 951 977 1010 empore
992 933 1030 993 ad
1045 933 1142 994 undas

305 1023 397 1097 Misit,
413 1024 461 1084 avi
474 1023 586 1097 similis,
602 1044 679 1101 qnae
692 1025 804 1085 circum
818 1025 913 1099 litora,
928 1025 1039 1086 circum

305 1117 444 1177 Piscosos
458 1119 598 1194 scopulos
612 1118 731 1177 humilis
743 1119 828 1178 volat
840 1137 971 1195 aequora
981 1119 1072 1198 juxta
1244 1147 1280 1194 2⁵5

306 1211 399 1269 Haud
414 1209 498 1270 aliter
510 1221 602 1270 terras
616 1210 693 1270 inter
705 1211 882 1288 coelumque
895 1212 1025 1286 volabat,

306 1302 391 1363 Litus
406 1322 562 1364 arenosum
577 1303 689 1381 Libyae
702 1315 869 1380 ventosque
883 1306 1004 1365 secabat

306 1397 445 1456 Materno
458 1397 583 1456 veniens
597 1397 635 1456 ab
649 1416 707 1457 avo
720 1397 858 1475 Cyllenia
869 1398 978 1474 proles.

234 1548 240 1561 ,
306 1490 350 1548 Ut
364 1489 492 1566 primum
505 1489 590 1548 alatis
604 1489 699 1567 tetigit
713 1490 839 1568 magalia
852 1490 970 1568 plantis,

304 1583 430 1641 Aenean
444 1582 617 1642 fundantem
631 1602 714 1643 arces
727 1603 763 1643 ac
777 1593 857 1644 tecta
870 1594 1032 1644 novantem
1080 1649 1083 1657 γ
1137 1587 1139 1592 ’
1245 1601 1282 1640 ²60

306 1675 481 1752 Conspicit:
502 1685 591 1752 atque
605 1675 648 1734 illi
662 1677 796 1736 stellatus
810 1675 923 1754 iaspide
937 1678 1017 1738 fulva
1050 1665 1216 1738 §fledaldi

307 1768 396 1827 Ensis
409 1778 480 1842 erat,
495 1768 646 1846 Tyrioque
660 1770 784 1829 ardebat
797 1768 908 1829 murice
922 1772 1009 1830 laena

307 1861 445 1921 Demissa
458 1881 495 1922 ex
508 1863 646 1937 humeris,
661 1863 745 1923 dives
760 1882 836 1940 quae
850 1883 974 1924 munera
988 1862 1071 1924 Dido

122 2013 128 2029 ,
307 1956 430 2015 Fecerat
444 1955 569 2015 ettenui
583 1957 658 2016 telas
671 1955 850 2016 discreverat
864 1975 943 2017 auro.

139 2052 160 2135 1,,
274 2043 277 2048 ’
306 2049 462 2110 Continuo
474 2049 604 2109 invadit:
624 2052 673 2110 Tu
685 2069 767 2110 nunc
781 2049 974 2127 Karthaginis
989 2051 1065 2110 altae
1244 2065 1281 2114 2⁶⁵

161 2129 168 2144 ’
307 2143 514 2203 Fundamenta
527 2143 617 2216 locas,
633 2143 846 2220 pulchramque
859 2144 979 2204 uxorius
992 2145 1096 2204 urbem

308 2236 460 2297 Exstruis?
480 2237 539 2296 heu
553 2237 635 2314 regni
648 2256 805 2313 rerumque
819 2235 912 2297 oblite
926 2246 1040 2296 tuarum
1052 2240 1058 2296 l

307 2331 378 2408 Ipse
393 2331 483 2391 deum
497 2329 551 2390 tibi
564 2349 612 2391 me
626 2331 706 2390 claro
720 2328 849 2391 demittit
864 2330 994 2407 Olympo

307 2426 469 2501 Regnator,
484 2425 601 2484 coelum
615 2434 646 2483 et
658 2422 753 2483 terras
766 2422 817 2499 qui
831 2424 952 2483 numine
966 2432 1103 2500 torquet3

307 2518 378 2594 Ipse
393 2519 468 2578 haec
482 2519 557 2577 serre
567 2517 653 2596 jubet
666 2517 779 2575 celeres
793 2515 934 2575 mandata
946 2534 1000 2592 per
1013 2534 1115 2575 auras:
1244 2542 1281 2579 ²70

306 2609 389 2685 Quid
403 2609 511 2691 struis?
532 2620 583 2669 aut
596 2628 656 2685 qua
670 2628 722 2685 spe
737 2606 859 2685 Libycis
873 2608 942 2667 teris
957 2608 1018 2669 otia
1032 2609 1136 2669 terris?

307 2702 340 2763 Si
353 2713 383 2761 te
398 2703 479 2763 nulla
492 2712 594 2763 movet
607 2712 753 2763 tantarum
767 2698 862 2778 gloria
875 2719 971 2760 rerum

307 2798 373 2855 Nec
387 2814 475 2873 super
488 2796 552 2873 ipse
566 2806 618 2855 tua
631 2794 743 2855 moliris
757 2793 845 2853 laude
859 2794 1000 2869 laborem,

307 2888 469 2949 Ascanium
484 2898 652 2966 surgentem
666 2899 697 2948 et
710 2906 779 2965 spes
792 2887 911 2948 heredis
926 2888 984 2947 Iuli

307 2981 446 3059 Respice,
462 2980 509 3041 cui
523 3000 646 3058 regnum
661 2981 767 3043 Italiae
781 2983 978 3058 Romanaque
991 2981 1079 3043 tellus
1244 3006 1280 3045 2⁷⁵

307 3076 469 3134 Debentur.
511 3074 579 3135 Tali
593 3074 747 3153 Cyllenius
762 3094 813 3135 ore
826 3076 943 3135 locutus

307 3168 451 3227 Mortales
464 3166 544 3228 visus
558 3167 658 3228 medio
673 3186 809 3229 sermone
824 3167 950 3245 reliquit,

307 3262 347 3319 Et
359 3262 463 3337 procul
477 3259 507 3319 in
522 3271 642 3321 tenuem
657 3281 694 3321 ex
706 3263 802 3322 oculis
817 3261 937 3323 evanuit
951 3278 1058 3321 auram.
1079 3298 1095 3349 s

348 3356 389 3412 At
402 3373 473 3414 vero
487 3356 608 3414 Aeneas
621 3355 766 3432 adspectu
779 3354 928 3415 obmutuit
942 3371 1054 3426 amens,

306 3448 505 3524 Arrectaeque
520 3448 639 3508 horrore
652 3466 766 3521 comae,
782 3458 813 3509 et
825 3467 884 3508 vox
898 3446 1033 3507 faucibus
1046 3442 1149 3505 haesit
1245 3458 1282 3498 280

307 3539 403 3599 Ardet
416 3540 498 3601 abire
511 3541 580 3617 firga
593 3541 755 3617 dulcesque
769 3540 935 3617 relinquere
949 3549 1049 3612 terras,

308 3624 462 3692 Attonitus
475 3642 559 3693 tanto
572 3632 687 3693 monitu
701 3632 884 3711 imperioque
900 3632 1031 3693 deorum.

308 3728 380 3785 Heu
395 3726 467 3802 quid
481 3728 569 3803 agat?
589 3745 650 3802 quo
663 3745 744 3785 nunc
758 3725 888 3803 reginam
903 3722 1015 3785 ambire
1029 3724 1174 3783 furentem

308 3819 427 3879 Audeat
440 3820 550 3880 affatu?
570 3837 647 3895 quae
660 3818 757 3897 prima
771 3817 892 3879 exordia
906 3818 1023 3879 sumat?
