3017 4700
554 435 763 480 METAMORPH.
786 435 845 478 LlB.
868 434 901 478 11.

245 585 434 643 Praetereunt
449 591 529 642 ortos
544 576 651 642 isdem
655 582 692 641 de
706 581 838 658 partibus
878 597 956 640 uros

244 676 303 736 Sed
318 677 382 736 leve
385 641 516 780 ¹p0ndbs
531 651 601 748 erit,
616 693 672 734 nec
687 643 769 752 duod
774 583 963 790 cogpbscere
972 683 1102 771 possent

242 768 318 829 Solis
333 735 410 862 equi,
427 737 553 868 solpaqu
555 787 571 828 e
584 770 595 845 j
534 727 686 827 lunl
701 768 844 872 gravpate
858 768 998 868 cqrebat3

243 864 345 938 thue
361 863 463 922 labant
477 863 604 937 curvaej
628 872 676 921 sto
691 880 754 920 stne
769 862 900 938 pondere
915 879 1016 934 naves,

243 957 357 1031 Perque
373 975 453 1015 mare
468 954 664 1016 instabiles
635 954 726 1014 nimia
740 954 860 1014 levitate
874 955 1012 1028 feruntur,

245 1048 293 1108 Sic
308 1059 533 1109 onereassueto
548 1067 658 1108 vacuus
673 1033 769 1108 datm
783 1050 852 1108 adra
865 1049 958 1120 saltus

243 1141 469 1218 Succutiturque
485 1143 542 1202 alte
558 1140 719 1218 similisque
734 1151 781 1200 est
794 1159 895 1200 currus
909 1139 997 1224 inani.
1032 1187 1035 1190 .

244 1235 335 1310 Quod
351 1236 473 1294 simulac
489 1253 615 1307 sensere,
630 1243 718 1293 ruunt
733 1244 744 1293 t
761 1234 767 1246 '
783 1294 785 1297 ,
802 1253 892 1310 mque
906 1211 1076 1332 relinquunt

245 1327 421 1406 Quadrijugi
436 1326 574 1405 ¹spatium,
590 1345 654 1400 nec,
671 1345 731 1403 quo
741 1315 835 1404 biius,
851 1326 955 1386 ordine
969 1335 1096 1388 currunt.

245 1423 317 1498 ipse
331 1431 428 1498 pavet,
443 1440 500 1480 nec
515 1439 574 1496 qua
588 1419 763 1480 commissas
777 1420 877 1480 flectat
891 1420 1033 1492 habenas,
1106 1497 1109 1502 ¹

246 1517 311 1574 Nec
327 1513 381 1573 scit
396 1533 455 1591 qua
469 1514 506 1573 sit
520 1514 583 1586 iter,
598 1531 663 1585 nec,
680 1512 704 1571 si
719 1512 801 1587 sciat,
817 1513 943 1590 imperet
955 1512 1022 1572 illis.

245 1610 323 1666 Tum
338 1605 464 1684 primum
480 1605 568 1666 radiis
582 1605 672 1682 gelidi
686 1608 803 1666 caluere
817 1606 953 1680 Triones,

148 1735 151 1739 -
247 1704 285 1761 Et
299 1701 390 1760 vetito
405 1701 511 1760 frustra
525 1709 674 1759 tentarunt
689 1719 817 1776 aequore
831 1698 923 1777 tingi3

246 1796 390 1870 Quaeque
407 1792 591 1874 polo‚posita
604 1802 648 1852 est
661 1792 778 1869 glaciali
792 1793 927 1870 proxima
939 1795 1077 1870 Serpens,

247 1887 365 1964 Frigore
381 1886 464 1964 pigra
478 1885 558 1963 prius
572 1905 628 1946 nec
642 1885 836 1946 formidabilis
849 1886 910 1960 ulli,

248 1979 375 2040 Incaluit
390 1979 554 2056 sumsitque
569 1997 662 2038 novas
677 1979 840 2049 fervoribus
854 1979 920 2038 iras

247 2076 292 2133 Te
307 2092 426 2150 quoque
442 2073 591 2132 turbatum
607 2082 772 2131 memorant
786 2071 902 2148 fugisse,
920 2075 1023 2146 Boote‚

249 2165 391 2242 Quamvis
406 2166 505 2226 tardus
520 2184 585 2225 eras
600 2174 629 2224 et
643 2175 672 2225 te
687 2175 738 2224 tua
752 2166 887 2224 Plaustra
901 2167 1052 2226 tenebant

249 2262 293 2320 Ut
307 2278 376 2319 vero
391 2278 508 2328 summo
524 2257 660 2336 despexit
675 2259 712 2318 ab
727 2257 848 2316 aethere
863 2267 954 2318 terras

249 2353 356 2413 Infelix
372 2354 527 2413 Pha'e'thon
543 2352 660 2429 penitus
675 2352 852 2429 penitusque
865 2354 1024 2430 tacentes,

236 2446 356 2507 'Palluit
344 2454 402 2511 ett
415 2446 514 2506 subito
527 2464 624 2523 genua
637 2445 815 2506 intremuere
830 2445 943 2520 timore,

247 2544 381 2617 Suntque
397 2539 490 2599 oculis
505 2539 643 2631 tenebrae
658 2557 711 2620 per
725 2549 848 2644 tanturp
855 2540 955 2628 lumeq
969 2540 1101 2599 obortae.

250 2636 310 2694 Ει
299 2653 362 2711 Jarn
376 2634 478 2692 mallet
492 2621 585 2708 equos
599 2651 751 2708 nunquam
767 2632 899 2711 tetigisse
912 2630 1072 2745 paternos3

202 2731 207 2743 '
249 2730 316 2803 Jam
331 2744 477 2803 cognosse
491 2710 584 2821 gebus
598 2717 689 2829 piget?
704 2736 734 2785 et
751 2726 880 2787 valuisse
894 2702 1048 2803 rogando3

248 2824 316 2898 Jam
332 2818 466 2913 Meropis
481 2794 539 2905 dici
554 2838 686 2919 cuppens,
703 2820 744 2879 ita
758 2820 856 2893 fertur,
871 2830 904 2879 ut
917 2830 986 2880 acta

251 2886 408 3015 Praecipiti
422 2911 511 3006 pinus
526 2887 626 2985 borea,
642 2912 690 2971 cui
705 2912 783 2972 victa
796 2912 911 2973 remisit

251 3009 347 3067 Frena
361 3026 431 3065 suus
445 3014 549 3079 rector,
566 3024 656 3081 quam
671 3005 718 3065 dis
733 2982 871 3082 voiisque
884 2985 1010 3082 reliquit

251 3100 332 3176 Quid
346 3097 454 3159 faciat?
497 3084 629 3158 Mullum
643 3093 720 3158 coe'li
733 3109 805 3183 post
818 3108 904 3182 terga
913 3098 1056 3172 relictum,

252 3197 331 3253 Ante
346 3183 449 3298 ocillos
464 3183 541 3283 plus
547 3203 611 3251 est:
631 3181 731 3251 animo
733 3191 866 3296 metitur
878 3202 1045 3268 utrumque,

254 3259 414 3381 Ειιιιοάο,
424 3304 500 3369 quos
515 3248 557 3344 illi
571 3260 663 3365 salum
677 3277 837 3380 contigere
841 3303 903 3345 non
918 3295 972 3358 est,

254 3350 414 3456 Prospicit
415 3398 570 3469 occapus,
566 3360 720 3439 interdum
727 3377 848 3457 respicit
859 3388 1003 3478 ortus3
994 3437 998 3446 ,

254 3472 397 3549 Quidque
411 3483 487 3549 agat
481 3469 619 3573 ignarus,
636 3482 742 3575 stupet,
758 3480 789 3531 et
802 3478 861 3531 ned
859 3441 955 3532 frena
968 3467 1089 3530 remittit

255 3568 322 3626 Nec
336 3565 463 3626 retinere
478 3566 564 3638 valet,
579 3583 635 3624 nec
650 3516 774 3623 nomina
786 3564 870 3623 novit
882 3547 1047 3640 equorum3

255 3662 363 3735 Sparsa
377 3678 497 3736 quoque
512 3658 543 3717 in
557 3657 638 3717 vario
652 3656 764 3734 passim
778 3656 919 3717 miracula
932 3657 1019 3717 coelo

255 3756 474 3829 Vastarumque
487 3750 568 3811 videt
582 3749 714 3826 trepidus
728 3750 886 3809 simulacra
898 3750 1033 3809 ferarum.

258 3846 312 3905 Est
326 3846 419 3919 loeus,
435 3844 466 3903 in
480 3844 616 3922 geminos
629 3841 681 3903 ubi
694 3842 816 3903 brachia
828 3853 974 3903 concavat
987 3860 1072 3903 meus

1180 597 1217 636 160
