3017 4700
903 179 912 206 l

282 399 314 438 12
613 395 638 436 P.
661 394 762 437 OVIDII
784 393 921 437 NASONIS

279 542 350 599 Non
365 540 453 599 darei
497 540 657 613 Confiteor,
674 539 771 600 solum
784 539 844 600 hoc
857 539 920 623 tibi,
936 549 1013 622 nate,
1029 558 1173 616 negarem

279 633 460 694 Dissuadere
472 631 550 713 licet.
595 635 666 692 Non
681 643 730 704 est·
739 642 868 704 tutatuta
881 634 1030 700 voluntas..
1046 663 1049 667 ·

279 729 392 803 Magna
405 724 490 802 petis,
507 726 671 802 Phaethon,
688 735 721 798 et,
732 740 808 802 quae
822 744 880 791 uec¹
892 725 1006 791 riribus=
1016 725 1081 789 istis

279 821 406 878 Munera
420 818 601 878 conveniunt
615 838 670 878 nec
685 815 747 878 tarn
761 809 921 895 puerilibus
936 819 1029 886 antiis,
1068 829 1092 852 ’·
1130 826 1132 831 ’
1167 858 1169 865 -

279 914 347 973 Sors
362 923 412 972 tua
426 913 576 972 mortalis:
597 931 659 972 non
674 922 718 972 est
732 913 865 1016 mortale,
882 913 967 988 quod
976 921 1074 989 optas:
1160 920 1174 967 ’.
1220 959 1225 970 ,

275 1006 349 1072 ΔΡιιιι
365 1004 462 1078 etiam,
479 1024 568 1081 quarn
584 1005 665 1081 quod
680 1004 792 1081 superis
805 1005 977 1111 contingere
990 1007 1034 1065 sas
1049 1015 1103 1078 est,
1157 1013 1161 1017 ’

174 1137 178 1146 .
280 1097 406 1157 Nescius
421 1099 547 1157 affectas.
592 1100 711 1157 Placeat
726 1097 781 1158 sibi
796 1099 920 1174 quisque
935 1085 1078 1173 licebit,

281 1193 378 1250 Nont
366 1201 466 1250 tamen
481 1190 603 1268 ignifero
619 1190 775 1267 quisquam
789 1191 957 1251 consistere
963 1190 994 1250 in
1009 1211 1064 1250 axe
1120 1188 1129 1202 ‘
1153 1199 1156 1204 '

280 1287 333 1343 Me
348 1285 427 1343 valet
441 1294 575 1360 excepto.
611 1283 697 1343 Vasti
711 1302 830 1360 quoque
845 1294 940 1344 rector
955 1284 1085 1360 Olympi,

280 1377 416 1453 Qui-sera
431 1377 551 1437 terribili
562 1379 710 1454 jaculatur
723 1376 847 1436 fulmina
860 1377 971 1450 dextra,

280 1473 351 1530 Non
366 1481 433 1547 agat
447 1471 502 1529 hos
517 1489 634 1530 currus:
656 1480 685 1531 et
700 1469 772 1573 quid
784 1472 860 1546 Jove
874 1471 969 1546 majus
983 1471 1150 1531 habemus?

281 1564 383 1623 Ardua
397 1562 502 1656 prima
505 1561 553 1622 via
566 1573 611 1622 est
625 1574 655 1622 et
670 1581 728 1638 qua
741 1562 791 1622 vix
804 1583 892 1624 mane
908 1574 1042 1623 recentes

281 1656 350 1715 Enit
339 1667 447 1716 tuntur
445 1654 546 1738 equi
574 1655 679 1732 Medio
694 1667 738 1716 est
752 1655 1013 1730 altissimacoe103

281 1750 371 1810 Unde
386 1768 467 1808 mare
483 1759 512 1808 et
526 1759 616 1830 terras
630 1747 686 1825 ipsi
679 1748 774 1808 mihi
788 1768 876 1825 saepe
890 1748 989 1808 videre

280 1842 329 1904 Fit
317 1842 439 1915 ttimor,
456 1851 485 1900 et
499 1817 618 1920 pavida
621 1841 748 1934 trepidat
761 1841 917 1901 formidine
931 1854 1044 1921 pectus

266 1933 396 1995 'Ultima
410 1954 504 2011 prona
517 1933 565 2008 ιιι
578 1925 652 2012 est,
648 1945 682 2000 et
692 1945 759 2015 eget
772 1935 974 2007 moderamine
988 1945 1078 1995 certo.

280 2031 366 2088 Tunc
381 2027 478 2101 etiam,
494 2047 582 2104 quae
584 2047 643 2101 ine
648 2027 790 2104 sublectis
803 2025 913 2104 excipit
926 2012 1023 2110 lindis,

281 2124 328 2181 Ne
343 2120 438 2182 ferar
427 2141 461 2180 rn
475 2139 625 2196 praeceps,
637 2121 765 2204 Tethys
760 2119 923 2226 qoletripsa
935 2120 1035 2183 vereri.

279 2216 368 2274 Adde
383 2193 491 2291 quod
479 2233 511 2273 as
513 2214 597 2292 sidua
609 2213 726 2293 rapitur
734 2214 876 2295 vertigine
890 2215 1017 2287 coelum,

281 2308 444 2385 Sideraque
459 2308 519 2368 alta
532 2301 621 2389 trahit
615 2302 789 2386 celerique
795 2300 971 2385 vulinpiuet
959 2317 1085 2383 torquet

281 2402 369 2462 Nitor
382 2400 412 2460 ln
428 2378 601 2479 adversum,
606 2420 677 2483 pec
673 2416 746 2473 ine,
745 2398 813 2475 qui
811 2410 930 2476 cetera,
936 2399 1030 2471 vincit

281 2502 423 2576 Impetus,
440 2507 470 2556 et
484 2492 599 2577 rapido
600 2495 769 2570 contrarius
778 2495 895 2577 evehor
904 2495 1019 2561 orbi

281 2592 373 2669 Finge
388 2588 473 2659 datos
487 2608 617 2688 qupus„
637 2588 727 2663 Quid
733 2590 865 2682 ages?
849 2585 1022 2672 Poterisne
1019 2541 1134 2730 rptatis

266 2748 268 2755 ⁴
281 2681 426 2744 Obvius
409 2702 450 2742 rre
459 2672 553 2779 pqlis,
566 2701 632 2760 ue
612 2691 656 2765 te
652 2680 743 2769 citui
752 2682 873 2755 auferat
868 2680 1022 2750 adibam?
1025 2687 1085 2745 ἰ’

243 2804 249 2815 ·
281 2778 378 2839 Forsit
367 2787 417 2836 ta‘n
428 2787 462 2835 et
476 2759 559 2835 lrlcos
573 2774 641 2850 illic
647 2776 794 2851 urbesque
805 2774 1000 2850 deprnmss

168 2948 173 2954 ι
282 2868 441 2947 Concipias
457 2868 556 2928 animo
572 2868 754 2959 delubraque
768 2866 851 2937 ditia
854 2866 980 2932 donis-.-

282 2966 362 3023 Esse
407 2965 463 3021 Per
477 2948 634 3037 insidiast
612 2980 621 3019 ι
623 2972 666 3022 ter
679 2970 728 3033 est
738 2962 908 3037 formasque
921 2919 1057 3026 ferarum.
1131 2988 1146 3021 ·,
1160 2969 1185 3037 '4

281 3058 384 3132 thue
398 3054 481 3115 viam
491 3065 592 3115 teneas
607 3054 772 3131 nulloque
765 3072 861 3114 errore
875 3054 1006 3127 traharis,
1079 3108 1083 3113 .
1107 3110 1111 3114 ,
1134 3080 1145 3110 1

189 3178 190 3183 ι
281 3150 339 3208 Per
352 3155 452 3207 tamen
466 3147 581 3208 adversi
594 3146 735 3224 gradieris
750 3165 861 3206 cornua
873 3145 972 3219 Taum,
988 3176 1013 3206 ,.·
1099 3174 1102 3179 -
1191 3174 1205 3205 ·,
1222 3155 1228 3194 ε·

280 3240 529 3317 Haemoniosque
544 3260 639 3314 arcuS,
654 3239 836 3316 violentique
851 3256 904 3304 ora
918 3240 1037 3313 Leone,
1102 3231 1105 3237 ’
1243 3291 1246 3298 .

282 3336 433 3410 Saevaque
447 3332 570 3393 circuitu
584 3344 756 3393 curvantem
769 3331 996 3409 brachia-longo
1057 3389 1063 3398 ,
1140 3361 1180 3408 g
1239 3361 1242 3368 ’

282 3426 434 3503 Scorpion,
451 3436 539 3501 atque
555 3426 637 3486 aliter
651 3437 822 3487 curvantem
836 3426 957 3488 brachia
974 3428 1132 3487 Cancrum
1195 3456 1204 3481 .·
1336 3422 1341 3475 ἱ

283 3522 349 3579 Nec
364 3518 639 3598 tibiquadrupedes
654 3519 804 3579 animosos
819 3518 935 3595 ignibus
950 3517 1015 3591 illis,
1039 3550 1042 3555 -

283 3614 368 3687 Quos
382 3612 412 3671 in
427 3623 548 3689 pectore
563 3612 682 3686 habent,
698 3630 774 3689 quos
787 3631 838 3672 ore
852 3623 883 3676 et
896 3611 1016 3672 naribus
1030 3613 1139 3686 efflant,

283 3707 321 3764 In
335 3716 453 3781 promtu
468 3724 568 3781 regere
582 3716 644 3765 est:
663 3705 713 3765 vix
726 3724 774 3765 me
789 3704 949 3781 patiuntur,
963 3704 1014 3765 ubi
1029 3724 1110 3765 acres

284 3798 438 3857 Incaluere
452 3796 552 3872 animi,
567 3797 724 3886 cervixque
739 3808 887 3875 repugnat,
896 3797 1028 3862 habenis.
1107 3854 1110 3859 .
