3017 4700
564 417 721 466 Aruernos
742 421 800 464 1111.
820 418 860 464 1v.
1143 421 1196 483 195

229 566 377 628 Interiora
390 566 498 626 domus
510 564 644 644 irrumpit
656 566 766 641 liurina,
782 577 813 628 et
826 567 901 628 altos
1085 563 1093 580 '
1162 585 1200 633 ⁶4⁵

228 659 412 720 Conscendit
425 658 584 719 furibunda
595 676 691 737 rogos,
707 673 868 737 ensemque
882 659 1007 722 recludit

230 753 423 826 Dardanium,
438 771 500 813 non
514 752 570 812 hos
583 751 746 829 quaesitum
762 771 868 812 munus
882 753 912 812 in
926 771 1007 814 usus.

229 846 301 919 Hic,
317 857 474 923 postquam
490 845 597 905 lliacas
610 856 885 922 vestes-notumque
899 847 997 906 cubile

228 939 403 1016 Conspexit,
419 939 539 1015 paulum
553 937 679 998 lacrimis
692 948 724 997 et
736 948 836 1000 mente
850 947 971 1012 morata,

230 1031 429 1108 Incubuitque
443 1042 517 1104 toro,
532 1029 665 1107 dixitque
678 1030 838 1090 novissima
850 1033 968 1092 verba:

230 1127 342 1185 Dulces
356 1123 487 1197 emmae,
502 1125 575 1184 dum
587 1124 649 1183 fata
661 1124 795 1200 deusque
809 1125 933 1197 sinebat,

229 1217 367 1295 Accipite
381 1219 459 1277 hanc
473 1218 610 1290 animam,
625 1235 733 1292 meque
746 1217 794 1276 his
808 1218 951 1278 exsolvite
965 1199 1062 1278 curis

229 1311 308 1384 Vixi,
325 1322 363 1385 et,
378 1329 468 1387 quem
482 1309 604 1395 dederat
617 1327 735 1368 cursum
748 1311 874 1384 fortuna,
890 1309 1009 1388 peregi·
1000 1357 1010 1386 ,

229 1407 276 1464 Et
273 1423 363 1464 nunc
377 1423 486 1482 magna
498 1421 557 1462 mer
549 1401 628 1462 sub
641 1412 733 1462 terras
745 1401 822 1462 ibit
814 1419 919 1480 imago
913 1437 931 1488 ,χ

229 1500 345 1559 Urbem
356 1497 537 1600 praeclaram
551 1494 659 1569 statui3
678 1513 748 1556 mea
753 1496 878 1556 moenia
884 1495 971 1585 vidi,·

231 1591 345 1651 Ulta
317 1610 420 1684 virum,
435 1569 548 1667 po'enas
561 1572 682 1648 Inimico
696 1608 715 1648 a
727 1589 814 1648 naue
828 1588 946 1672 repepi·
937 1635 946 1664 ,

230 1685 322 1758 Felix,
337 1655 396 1744 lieu
408 1682 533 1742 nimium
547 1653 625 1773 felix,
641 1681 665 1741 si
680 1667 774 1742 litora
778 1685 893 1742 tantum

231 1780 403 1853 Numquam
418 1751 585 1839 Dardaniae
600 1772 780 1863 tetigissent
776 1785 878 1836 nostra
891 1773 1025 1848 carinae!
1096 1811 1098 1816 ·

230 1869 322 1943 Dixit,
338 1880 376 1941 et,
392 1887 426 1929 os
440 1867 583 1944 impressa
595 1878 669 1941 toro,
686 1868 849 1928 Moriemur
864 1853 1043 1928 inultae?

232 1963 296 2023 Sed
306 1961 472 2034 moriamur,
488 1960 537 2020 art
580 1960 639 2033 Sic,
654 1959 697 2020 sic
709 1962 793 2037 juvat
805 1959 847 2020 ire
861 1960 916 2020 sub
930 1961 1056 2021 umbras.

231 2056 359 2115 Hauriat
372 2055 452 2114 hunc
466 2052 583 2114 oculis
574 2070 673 2130 ignem
687 2051 813 2112 cmdelis
827 2055 866 2113 ab
880 2055 940 2114 alto

152 2173 159 2188 ·
233 2149 399 2222 Dardanus,
416 2158 446 2207 et
458 2156 576 2206 nostrae
590 2164 692 2206 secum
705 2147 779 2206 ferat
792 2145 893 2206 omina
906 2145 1016 2206 mortis.

233 2242 355 2302 Dixerat
365 2264 375 2316 5
395 2250 484 2318 atque
497 2239 579 2299 illam
592 2238 691 2299 media
703 2238 780 2299 inter
792 2239 864 2299 talia
877 2241 953 2300 ferro

233 2336 404 2413 Collapsam
419 2333 585 2412 adspiciunt
599 2331 731 2407 comites,
746 2352 907 2411 ensemque
921 2349 1024 2393 cruore

233 2432 436 2506 Spumantem,
451 2446 626 2505 sparsasque
640 2444 752 2506 mapus.
768 2460 782 2483 κ
796 2429 825 2487 It
838 2428 951 2519 clamor
965 2427 1002 2486 ad
1017 2419 1077 2486 ulta

230 2522 333 2597 Atria3
353 2537 529 2581 concussam
543 2509 704 2580 bacchatur
716 2522 811 2579 Fama
823 2510 876 2597 per
889 2521 1001 2581 urbem.

232 2614 386 2675 Lamentis
398 2611 568 2697 gemituque
581 2623 612 2673 et
624 2612 753 2673 femineo
767 2614 880 2701 ululatu

230 2710 327 2768 Tecta
340 2707 487 2782 fremunt3
506 2674 699 2766 resonal
638 2705 753 2812 magnis
754 2705 958 2783 plangoribus
972 2705 1079 2766 aether

232 2804 304 2862 Non
318 2800 411 2874 aliter,
427 2818 515 2877 quarn
530 2800 555 2859 si
568 2798 708 2860 immissis
720 2810 786 2860 mat
799 2798 935 2859 hostibus
949 2798 1045 2859 omnis

233 2895 388 2971 Karthago
403 2902 453 2953 aut
467 2892 588 2969 antiqua
601 2895 704 2977 Tyros,
719 2882 917 2968 flammaeque
931 2891 1059 2951 furentes

232 2987 372 3047 Culmina
386 3005 495 3063 perque
509 2985 662 3046 hominum
675 2986 831 3045 volvantur
844 3002 955 3061 perque
970 2984 1101 3046 deorum.

232 3080 336 3140 Audiit
350 3079 501 3153 exanimis,
517 3078 692 3157 trepidoque
706 3077 843 3138 exterrita
856 3096 943 3137 cursu

231 3174 391 3252 Unguibus
404 3193 456 3234 ora
470 3192 552 3234 soror
564 3173 689 3234 foedans
703 3182 733 3232 et
746 3181 868 3249 pectora
882 3172 989 3249 pugnis

233 3270 290 3328 Per
304 3265 417 3327 medios
431 3265 495 3339 mit,
512 3285 547 3325 ac
560 3265 735 3326 morientem
750 3263 871 3324 nomine
886 3265 1011 3325 clamat:

233 3363 305 3420 Hoc
319 3359 400 3433 illud,
415 3378 564 3436 germana,
578 3358 653 3419 huit?
671 3376 721 3418 me
734 3358 837 3417 hande
851 3360 994 3434 petebas?

234 3456 305 3513 Hoc
318 3471 406 3531 rogus
419 3451 475 3512 iste
488 3450 570 3525 mihi,
585 3451 644 3511 hoc
657 3450 741 3529 ignes
754 3468 882 3527 araeque
897 3453 1060 3529 parabant?

233 3546 314 3621 Quid
328 3545 586 3622 primumdeserta
599 3546 723 3620 querar?
741 3543 922 3605 comitemne
937 3561 1067 3604 sororem

235 3637 375 3715 Sprevisti
388 3636 539 3698 moriensi
579 3637 692 3696 Eadem
703 3654 751 3696 me
765 3636 804 3695 ad
818 3637 878 3696 iata
891 3656 1046 3711 vocasses3

234 3732 320 3792 Idem
335 3732 438 3791 ambas
451 3732 528 3791 ferro
542 3729 634 3804 dolor,
650 3739 740 3806 atque
753 3730 859 3789 eadem
872 3731 946 3789 hora
960 3730 1080 3791 tulisset.

234 3824 293 3885 His
307 3824 396 3885 etiarn
411 3823 500 3885 strurd
514 3824 659 3898 manibus,
673 3822 843 3901 patriosque
856 3822 961 3885 vocavi
1045 3847 1049 3853 ·
