3017 4700
933 88 968 118 ’λ
1196 100 1212 135 e

75 221 81 238 ⁸
121 151 291 381 stimi!
315 208 653 274 &chremisa
702 165 876 258 [φημί
910 215 962 259 fl:
988 169 1360 276 'pamm

141 381 154 442 l
450 370 452 374 ’
481 394 483 400 ⁴
597 383 623 425 r.
642 381 776 424 vrunrrrr
798 379 940 449 upuopus

309 540 321 588 t
334 528 443 606 gemini
453 529 594 615 Atridae,
605 529 817 606 Dolopumque
832 525 976 587 exercitus
991 525 1107 602 omnis3

279 531 408 713 §inversi
422 642 456 680 ru
476 633 509 685 to
524 641 579 682 ceu
594 623 745 699 quondam
760 619 876 681 turbine
890 619 972 680 venti

282 641 476 792 Confligund)
477 716 686 792 Zephyrusque
701 717 858 790 Notusque
872 723 902 773 et
916 714 1010 773 laetus
1026 713 1097 790 Ep}

259 845 266 876 r
282 812 376 869 Eurus
391 808 495 884 equis3
516 808 642 868 stridunt
656 807 755 880 silvae,
772 805 924 882 saevitque
938 805 1058 866 tridenti
1164 887 1165 890 Ἴ

262 879 430 1003 lquumeus
444 912 533 978 atque
547 902 608 960 imo
623 897 739 961 Nereus
753 900 957 976 ciet'aequora
969 899 1070 959 fundo.
1084 881 1094 992 i
1151 892 1154 901 ¹

271 996 330 1054 'Illi
345 995 442 1068 etiam,
459 994 483 1054 si
498 1013 573 1070 quos
586 994 714 1054 obscura
726 1003 815 1053 nocte
830 1013 883 1070 per
896 995 1031 1054 umbram
1058 1033 1060 1044 ·
1242 1021 1255 1048 ο

280 1089 425 1148 Fudirnus
440 1087 552 1154 insidiis
567 1097 688 1163 totaque
702 1085 877 1164 agitavimus
891 1087 972 1161 urbe,
1008 1129 1009 1133 ,
1146 1080 1150 1090 ¹

280 1184 435 1259 Apparent
446 1204 455 1256 3
475 1180 561 1257 primi
575 1178 687 1256 clipeos
700 1181 884 1258 mentitaque
897 1181 958 1240 tela

279 1278 463 1352 Agnoscunt,
480 1285 569 1351 atque
584 1293 636 1333 ora
650 1293 725 1334 sono
739 1274 890 1334 discordia
904 1273 1060 1352 signant„

280 1369 368 1428 Ilicet
382 1369 533 1428 obruimur
546 1385 689 1442 numero,
709 1367 880 1445 primusque
895 1368 1050 1427 Coroebus

281 1461 403 1522 Penelei
417 1462 520 1521 dextra
533 1461 620 1520 divae
635 1460 839 1538 armipotentis
854 1462 892 1520 ad
906 1481 987 1520 aram

281 1553 472 1628 Procumbit;
492 1553 573 1614 cadit
587 1563 617 1614 et
632 1555 776 1632 Rhipeus,
789 1554 967 1631 justissimus
982 1571 1057 1614 unus

281 1648 341 1723 Qui
354 1647 409 1708 suit
423 1647 453 1706 in
467 1647 590 1707 Teucris
603 1659 633 1708 et
647 1647 881 1708 servantissimus
895 1646 1000 1723 aequi›;

282 1741 336 1800 Dis
351 1741 435 1800 aliter
449 1740 564 1815 visum,
584 1752 708 1818 pereunt
722 1740 918 1819 Hypanisque
933 1743 1106 1818 Dymasque

282 1833 400 1894 Confixi
415 1853 433 1892 a
447 1833 554 1908 sociis,
573 1845 673 1894 necte
687 1845 739 1895 tua
752 1833 886 1911 plurima,
902 1833 1028 1908 Panthu,

281 1928 447 1986 Labentem
460 1927 555 2004 pietas
569 1947 625 1988 nec
640 1927 789 2005 Apollinis
804 1927 895 1986 infula
909 1925 988 1988 texit.

282 2019 367 2079 Iliaci
380 2019 493 2080 cineres
507 2032 537 2080 et
551 2022 669 2081 flamma
683 2033 814 2082 extrema
828 2039 969 2095 meorum,

280 2115 397 2187 Testor,
413 2113 444 2172 in
459 2133 568 2174 occasu
582 2126 680 2176 vestro
693 2135 751 2176 nec
765 2117 825 2176 tela
839 2133 895 2176 nec
908 2115 983 2174 ullas

280 2206 429 2266 Vitavisse
443 2207 522 2268 vices
537 2211 685 2282 Danaum,
701 2220 739 2282 et,
755 2207 783 2269 si
795 2209 856 2268 sata
869 2207 999 2281 fuissent,

280 2301 325 2360 Ut
339 2301 487 2375 caderem,
503 2301 644 2363 meruisse
658 2321 757 2362 mauu.
802 2299 977 2361 Divellimur
990 2299 1069 2375 inde,

281 2394 398 2471 Iphitus
412 2407 442 2454 et
457 2395 553 2455 Pelias
568 2415 694 2469 mecum,
710 2413 836 2472 quorum
851 2393 967 2471 Iphitus
982 2412 1065 2453 aevo¹
1121 2451 1126 2459 ,

253 2547 255 2558 ,
279 2489 348 2564 Jam
361 2487 483 2566 gravior,
500 2487 597 2548 Pelias
611 2499 642 2548 et
655 2489 775 2547 vulnere
790 2488 891 2547 tardus
907 2486 1007 2560 Ulixi,

251 2581 254 2594 ’
281 2581 419 2641 Protinus
433 2582 471 2641 ad
486 2582 573 2641 sedes
588 2580 697 2641 Priami
711 2582 840 2641 clamore
854 2579 959 2639 vocati.
977 2549 993 2639 )

281 2673 343 2733 Hic
357 2693 428 2735 vero
442 2674 592 2751 ingentem
607 2693 746 2751 pugnam,
761 2692 817 2733 ceu
831 2680 1090 2749 cetera'nusquam

281 2768 363 2827 Bella
377 2768 481 2840 forent,
498 2768 572 2826 nulli
585 2776 649 2827 tota
662 2778 844 2826 morerentur
857 2766 887 2825 in
901 2766 982 2839 urbe,

282 2860 332 2919 Sic
346 2862 475 2919 Martem
489 2858 676 2933 indomitum,
693 2861 874 2937 Danaosque
889 2860 927 2919 ad
943 2869 1022 2919 tecta
1035 2869 1154 2919 ruentes
1242 2888 1255 2915 0

282 2952 437 3015 Cernimus
452 2952 670 3030 obsessumque
682 2963 749 3013 acta
762 2952 910 3013 testudine
924 2952 1025 3013 limen.

282 3049 417 3107 Haerent
431 3047 592 3125 parietibus
606 3048 712 3120 scalae,
728 3056 890 3124 postesque
905 3048 959 3106 sub
974 3045 1055 3123 ipsos

282 3139 423 3199 Nituntur
436 3142 583 3219 gradibus,
599 3140 695 3217 clipeo
733 3158 771 3200 ue
786 3140 824 3199 ad
838 3141 898 3199 tela
912 3138 1035 3199 sinistris

281 3234 412 3293 Protecti
426 3232 579 3313 objiciunt,
594 3160 741 3337 prensadd
747 3233 865 3311 fastigia
879 3232 995 3293 dextris.

282 3326 473 3387 Dardanidae
486 3323 696 3387 contrbturres
710 3346 746 3387 ac
761 3336 840 3387 tecta
853 3326 1010 3385 domorum

282 3418 422 3480 Culmina
434 3420 624 3494 convellunt;
644 3420 690 3479 his
705 3439 745 3493 se,
762 3419 882 3497 quando
897 3420 1001 3480 ultima
1015 3426 1148 3492 cernunt,

282 3515 422 3572 Extrema
432 3514 494 3592 jam
507 3512 538 3571 in
553 3523 647 3573 morte
662 3523 767 3591 parant
780 3512 940 3572 defendere
954 3512 1020 3571 telis
1031 3533 1040 3586 3

282 3609 469 3683 Auratasque
484 3606 590 3679 trabes,
605 3616 739 3666 veterum
753 3607 863 3665 decora
877 3606 937 3665 alta
949 3616 1115 3682 parentum,

283 3700 473 3773 Devolvunt3
493 3698 541 3758 alii
557 3698 663 3759 strictis
677 3698 867 3760 mucronibus
882 3697 955 3758 imas

282 3791 437 3853 Obsedere
450 3793 547 3868 lores3
567 3791 621 3852 has
635 3802 754 3854 servant
767 3791 884 3870 agmine
899 3793 1001 3853 denso.
