3017 4700
385 809 432 902 P.
468 806 723 902 OVIDII
762 805 1098 904 NASONIS

482 1045 996 1133 METAMORPHOSES.

687 1294 786 1330 ...0-

632 1471 779 1530 LIBER
808 1472 840 1530 I.

331 1612 386 1670 *5
489 1611 507 1643 ὓ
646 1609 664 1642 Ἰ
804 1609 822 1642 Ἰ
961 1611 979 1644 ff

253 1696 366 1755 Aurum
380 1693 474 1772 prima
488 1705 551 1754 sata
564 1703 609 1754 est
623 1704 711 1768 aetas,
728 1711 804 1770 qnae
818 1692 935 1755 vindice
949 1696 1040 1770 nullo,

253 1789 364 1864 Sponte
379 1807 439 1862 sua,
456 1787 518 1848 sine
532 1788 596 1864 lege
610 1788 699 1847 fidem
714 1795 885 1864 rectumque
904 1790 1029 1850 colebat.
1191 1816 1223 1854 ⁹0-

252 1883 353 1940 Poena
367 1891 520 1958 metusque
535 1882 664 1954 aberant,
680 1899 736 1940 nec
751 1880 841 1940 verba
854 1880 998 1941 minantia
1011 1883 1071 1941 fixo

251 1975 327 2033 Aere
341 1973 520 2050 legebantur,
536 1993 591 2033 nec
606 1975 729 2050 supplex
743 1975 830 2033 turba
843 1973 966 2034 timebat

204 2070 206 2074 ’
251 2065 363 2142 Judicis
378 2085 428 2125 ora
442 2065 495 2138 sui,
512 2067 564 2126 sed
579 2078 661 2126 erant
675 2065 737 2125 sine
750 2065 851 2140 judice
865 2066 927 2126 tuti.

253 2159 395 2218 Nondum
409 2178 494 2219 caesa
509 2159 576 2232 suis,
592 2158 776 2236 peregrinum
790 2169 823 2218 ut
836 2157 944 2218 viseret
961 2161 1071 2234 orbem,

254 2251 406 2311 Montibus
420 2251 450 2311 in
465 2251 590 2328 liquidas
604 2251 690 2328 pinus
705 2250 900 2310 descenderat
913 2252 1016 2326 undas,
1191 2281 1216 2319 95

252 2345 399 2421 Nullaque
413 2346 550 2405 mortales
565 2356 680 2423 praeter
693 2363 746 2405 sua
759 2343 845 2405 litora
857 2356 970 2405 norant

252 2438 393 2497 Nondum
408 2438 581 2515 praecipites
595 2438 754 2516 cingebant
769 2438 879 2515 oppida
893 2438 1010 2513 fossae3

251 2532 321 2589 Non
337 2532 407 2589 tuba
422 2530 531 2605 directi,
547 2550 608 2591 non
624 2530 696 2590 aeris
711 2550 822 2590 cornua
838 2531 914 2605 flexi,

251 2624 321 2681 Non
335 2624 444 2699 galeae,
460 2642 521 2683 non
536 2623 613 2683 ensis
628 2633 706 2683 erat:
728 2622 791 2683 sine
805 2623 905 2683 militis
918 2643 974 2684 usu

237 2678 245 2775 i
252 2716 356 2775 Mollia
371 2735 490 2775 securae
505 2718 684 2793 peragebant
698 2716 758 2776 otia
771 2726 880 2793 gentes
894 2745 901 2779 ,·

251 2811 322 2885 Ipsa
336 2828 453 2885 quoque
468 2808 605 2868 immunis
620 2820 771 2885 rastroque
784 2808 903 2883 intacta,
919 2828 975 2870 nec
988 2809 1055 2870 ullis

251 2901 354 2962 Saucia
368 2901 542 2975 vomeribus,
559 2921 611 2979 per
625 2921 656 2961 se
670 2902 761 2962 dabat
774 2902 875 2961 omnia
888 2904 994 2978 tellus;

251 2994 450 3071 Contentique
465 2995 539 3054 cibis
553 2996 635 3054 nullo
649 3004 775 3071 cogente
789 2995 902 3068 creatis,

250 3088 396 3147 Arbuteos
411 3088 506 3147 foetus
520 3098 721 3164 montanaque
735 3089 815 3164 fraga
828 3088 974 3165 legebant,

253 3182 409 3256 Cornaque
424 3180 498 3240 etin
513 3180 591 3239 duris
606 3180 757 3240 haerentia
770 3199 854 3240 mora
866 3180 987 3255 rubetis,
1122 3244 1125 3249 Α
1180 3210 1215 3248 105

251 3276 289 3333 Et
304 3292 379 3349 quae
394 3272 565 3333 deciderant
579 3274 680 3350 patula
693 3272 776 3349 Jovis
790 3275 893 3333 arbore
906 3275 1039 3351 glandes.

249 3367 312 3425 Ver
323 3377 384 3426 erat
398 3377 557 3438 aeternum,
573 3366 740 3443 placidique
755 3366 923 3443 tepentibus
937 3366 1014 3426 auris
1058 3371 1061 3380 “

251 3458 424 3519 Muleebant
440 3458 557 3537 zephyri
571 3469 658 3519 natos
672 3458 736 3518 sine
751 3458 863 3519 semine
876 3459 971 3519 flores.

250 3552 324 3611 Mox
339 3551 427 3611 etiam
441 3552 536 3629 fruges
551 3552 636 3611 tellus
650 3550 763 3610 inarata
775 3552 895 3623 ferebat,

250 3647 314 3704 Nec
329 3654 484 3704 renovatus
500 3662 567 3721 ager
580 3643 707 3721 gravidis
721 3645 847 3703 canebat
861 3644 974 3719 aristis3

249 3737 384 3797 Flumina
396 3739 458 3813 jam
472 3738 563 3811 lactis,
578 3738 640 3814 jam
653 3736 776 3797 flumina
789 3737 914 3797 nectaris
928 3737 1020 3812 ibant,

250 3832 398 3908 Flavaque
413 3831 450 3890 de
464 3830 548 3891 viridi
563 3830 713 3891 stillabant
726 3829 793 3891 ilice
808 3830 902 3890 mella
