3017 4700
556 453 763 497 METAMORPH.
787 453 845 497 LIB.
869 453 907 497 lv.

252 601 341 676 Quod
355 597 453 659 fremit
465 597 570 677 exigua
584 617 675 674 quum
690 617 838 658 summum
853 597 1005 678 stringitur
1018 619 1096 660 aura

252 694 312 755 Sed
325 703 484 772 postquam
498 701 644 750 remorata
657 709 728 751 suos
743 692 882 769 cognovit
895 711 1019 767 amores,

252 785 380 847 Percutit
394 784 533 863 indignos
547 785 627 844 claro
641 785 784 863 plangore
798 785 933 859 lacertos,

208 943 211 951 ,
252 881 298 954 Et,
313 879 422 939 laniata
435 897 536 938 comas
550 877 745 954 amplexaque
759 897 865 955 corpus
880 888 1018 953 amatum,

250 973 381 1032 Vulnera
395 970 543 1049 supplevit
557 969 684 1030 lacrimis
697 971 859 1047 fletumque
873 971 970 1031 cruori

251 1065 380 1138 Miscuit,
397 1075 425 1124 et
439 1063 545 1143 gelidis
559 1064 590 1122 in
603 1062 732 1123 vultibus
746 1064 848 1124 oscula
865 1065 968 1143 figens,

251 1159 383 1236 Pyrame,
398 1156 542 1230 clamavit,
560 1156 627 1233 quis
641 1166 671 1215 te
685 1155 758 1215 mihi
772 1175 858 1216 casus
872 1156 1001 1217 ademit?

251 1253 382 1329 Pyrame,
398 1250 565 1327 responde:
585 1259 636 1308 tua
649 1259 678 1308 te
692 1249 846 1309 carissima
859 1250 973 1310 Thisbe

251 1344 409 1404 Nominat!
432 1341 554 1415 Exaudi,
570 1342 726 1418 vultusque
742 1343 844 1401 attolle
862 1344 1013 1418 jacentesl

251 1438 300 1496 Ad
314 1455 424 1496 nomen
438 1435 566 1494 Thisbes
581 1435 684 1494 oculos
701 1436 763 1513 jam
778 1445 872 1515 morte
885 1447 1022 1514 gravatos

251 1531 392 1608 Pyramus
408 1528 507 1601 erexit,
523 1527 644 1604 visaque
659 1526 827 1587 recondidit
840 1527 899 1587 illa

250 1623 336 1697 Quae
350 1632 508 1702 postquam
522 1630 693 1706 vestemque
709 1640 792 1680 suam
806 1621 955 1700 coguovit,
971 1631 1001 1681 et
1015 1638 1086 1680 ense

250 1715 333 1774 Vidit
347 1715 420 1774 ebur
433 1733 566 1788 vacuum,
582 1715 648 1772 Tua
662 1723 691 1772 te
706 1732 817 1787 manus
834 1712 937 1790 inquit,
953 1731 1094 1790 amorque

251 1807 393 1880 Perdidit,
409 1806 517 1866 infelix.
562 1809 615 1866 Est
629 1806 745 1867 etmihi
760 1806 843 1866 fortis
857 1806 887 1864 in
902 1826 993 1866 unum

251 1902 322 1960 Hoc
337 1918 451 1974 manus,
466 1909 513 1958 est
526 1885 557 1959 el
569 1918 671 1974 amor;
692 1898 775 1960 dabit
788 1898 837 1958 hic
851 1897 883 1957 in
896 1901 1019 1960 vulnera
1031 1898 1117 1959 vires.
1185 1925 1193 1951 1

252 1995 416 2070 Persequar
430 1993 614 2066 exstinctum,
630 1993 739 2069 letique
754 1991 918 2052 miserrima
931 1993 1014 2053 dicar

252 2087 351 2146 Causa
364 2103 523 2161 comesque
538 2085 599 2158 tui3
621 2084 730 2161 quique
745 2104 764 2144 a
777 2103 825 2147 me
840 2096 935 2145 morte
949 2085 1050 2146 revelli

253 2179 325 2238 Heu
338 2178 402 2237 sola
414 2187 540 2255 poteras,
556 2176 665 2253 poteris
680 2196 736 2237 nec
751 2187 846 2238 morte
861 2177 969 2237 revelli

252 2273 323 2331 Hoc
337 2281 435 2330 tamen
449 2271 602 2330 amborum
616 2270 713 2330 verbis
728 2280 825 2330 estote
839 2270 941 2350 rogati,

252 2366 279 2426 O
294 2365 418 2423 multum
432 2363 538 2438 miseri,
554 2382 638 2423 meus
652 2363 799 2441 illiusque,
815 2374 962 2444 parentes,

251 2460 303 2532 Ut,
319 2477 395 2534 quos
409 2468 506 2517 certus
521 2477 611 2531 amor,
627 2476 702 2533 quos
717 2458 790 2518 hora
804 2458 966 2518 novissima
983 2455 1089 2534 junxit,

155 2618 158 2625 Ι
252 2550 401 2628 Componi
415 2549 529 2610 tumulo
544 2570 605 2609 non
620 2550 777 2611 invideatis
791 2551 907 2610 eodem.

249 2646 291 2704 At
305 2654 346 2717 tu,
363 2662 438 2720 quae
452 2642 542 2702 ramis
556 2644 642 2703 arbor
656 2642 825 2703 miserabile
839 2660 946 2719 corpus
973 2722 977 2728 .

252 2739 341 2796 Nunc
355 2735 431 2815 tegis
445 2734 540 2809 uniuS,
556 2754 625 2795 mox
639 2755 672 2796 es
688 2746 800 2796 tectura
814 2735 948 2807 duomm,

251 2828 341 2907 Signa
354 2839 423 2889 tene
437 2829 545 2902 caedis,
561 2830 718 2906 pullosque
733 2840 763 2888 et
778 2828 905 2888 luctibus
919 2837 1006 2905 aptos
1098 2841 1101 2845 ·
1185 2854 1195 2879 1

252 2923 373 2998 Semper
387 2921 464 2980 habe
477 2922 563 2995 fetus,
578 2922 688 2999 gemini
703 2930 896 2980 monumenta
910 2919 1030 2981 cruoris

252 3013 343 3087 Dixit,
358 3022 388 3072 et
402 3023 502 3091 aptato
516 3024 621 3090 pectus
635 3032 777 3073 mucrone
792 3013 847 3072 sub
862 3012 954 3072 imum

253 3106 392 3166 Incubuit
406 3105 491 3179 ferro,
508 3107 588 3184 quod
603 3106 699 3165 adhuc
714 3126 732 3165 a
745 3106 838 3165 caede
853 3106 980 3183 tepebat.

251 3201 332 3259 Vota
345 3208 444 3258 tamen
459 3198 581 3278 tetigere
598 3199 679 3272 deos,
695 3198 817 3277 tetigere
831 3207 988 3275 parentes:

252 3294 331 3351 Nam
345 3292 428 3351 color
441 3290 472 3350 in
485 3310 576 3369 pomo
590 3300 644 3365 est,
659 3290 711 3351 ubi
725 3291 927 3368 permaturuit,
943 3300 1006 3349 ater
1014 3312 1024 3365 3

253 3384 402 3461 Quodque
416 3383 494 3463 rogis
509 3393 651 3460 superest,
667 3403 727 3443 una
740 3382 899 3460 requiescit
909 3382 940 3441 in
954 3401 1035 3443 urna.

371 3486 390 3525 s
548 3486 567 3525 a
727 3488 745 3525 a
906 3487 924 3524 a
1084 3486 1103 3524 a

291 3569 351 3629 Sed
365 3579 464 3628 tamen
479 3568 626 3627 ambobus
640 3586 744 3628 versae
759 3566 866 3628 solatia
879 3566 990 3627 formae

253 3662 367 3739 Magna
381 3679 473 3738 nepos
488 3660 618 3733 dederat,
635 3652 723 3736 quem
738 3660 890 3720 debellata
903 3660 1022 3719 colebat
1184 3672 1221 3722 ⁶0⁵

253 3752 350 3826 India,
366 3772 455 3829 quem
468 3752 575 3829 positis
589 3752 758 3812 celebrabat
773 3752 888 3811 Achaia
901 3752 1027 3830 templis.

253 3847 339 3907 Solus
354 3844 538 3905 Abantiades
552 3844 591 3905 ab
604 3843 717 3923 origine
731 3843 950 3905 cretus·eadem
