3017 4700
511 373 513 378 ³
566 411 725 456 arnamos
744 411 804 456 rra
823 412 851 456 v.
885 471 886 475 Ἰ

224 559 333 617 Ensem
348 567 436 634 atque
450 555 595 636 insignem
608 558 724 634 galeam
734 554 843 618 ¹solatia
856 555 943 618 moto.

218 653 289 710 Nec
303 670 404 726 mora3
424 651 567 710 continuo
581 650 672 710 vastis
684 669 753 711 cum
767 650 879 711 viribus
894 650 976 710 affert

223 745 285 825 Ora
299 747 401 818 Dares,
417 763 584 821 magnoque
599 745 692 802 virum
706 763 738 804 se
753 763 899 804 munnune
912 744 1010 820 tollit3

224 839 310 899 Solus
325 838 376 915 qui
391 837 527 897 Paridem
541 837 645 898 solitus
658 838 965 911 contendere'contra,

222 933 367 1008 Idemque
383 932 420 990 ad
435 933 587 1006 tumulum,
604 949 663 1007 quo
677 930 822 1007 maximus
837 933 964 992 occubat
979 933 1105 1006 Hector,

222 1024 376 1085 Victorem
391 1027 495 1098 Buten,
510 1024 633 1083 immani
646 1041 770 1099 corpote
785 1022 835 1101 qui
850 1043 881 1084 se

223 1116 367 1194 Bebrycia
380 1117 503 1176 veniens
518 1119 623 1194 Amyci
638 1117 676 1176 de
689 1128 779 1196 gente
792 1117 913 1191 ferebat,

224 1210 351 1271 Perculit
366 1221 396 1270 et
409 1211 490 1269 fulva
502 1209 710 1270 mon'bimdum
725 1209 858 1270 extendit
867 1229 990 1298 arena!

223 1304 306 1363 Talis
320 1303 416 1380 prima
430 1306 526 1363 Dares
542 1314 631 1380 caput
644 1305 736 1363 altum
750 1304 782 1364 in
797 1305 909 1381 proelia
922 1304 1008 1378 tollit,

225 1397 424 1474 Ostenditque
438 1398 576 1458 humeros
591 1399 674 1470 latos,
690 1399 861 1474 alternaque
872 1398 966 1476 jactat

158 1494 161 1499 '
223 1491 349 1551 Brachia
361 1491 552 1567 protendens,
567 1502 597 1550 et
611 1491 745 1550 verberat
759 1489 866 1550 ictibus
882 1509 973 1550 auras

223 1584 382 1657 Quaeritur
395 1583 464 1642 huic
479 1584 572 1658 alius,
592 1602 649 1642 nec
663 1583 819 1660 quisquam
834 1601 871 1642 ex
885 1581 1001 1660 agmine
1014 1593 1100 1644 tanto
1154 1653 1156 1662 Ι

224 1677 325 1736 Audet
339 1677 419 1736 adire
433 1676 526 1736 virum
540 1677 737 1753 manibusque
749 1675 892 1737 inducere
906 1688 1031 1736 caestus

223 1772 302 1847 Ergo
316 1769 428 1843 alacris,
442 1780 627 1845 cunctosque
640 1779 748 1846 putans
762 1770 907 1828 excedere
920 1767 1027 1846 palma,

222 1865 346 1922 Aeneae
361 1861 441 1922 stetit
454 1873 523 1922 ante
537 1863 638 1938 pedes,
654 1880 710 1920 nec
723 1863 808 1938 plura
821 1871 953 1924 moratus

223 1957 302 2033 Tum
316 1956 401 2014 laeva
414 1965 530 2014 taurum
544 1953 637 2013 cornu
649 1963 845 2030 teneturque
859 1953 901 2014 ita
914 1956 1007 2016 fatur:

225 2051 304 2109 Nate
318 2049 384 2121 dea,
400 2048 526 2107 sinemo
541 2048 631 2106 audet
645 2065 677 2107 se
689 2049 812 2108 credere
827 2067 952 2124 pugnae,

225 2141 310 2215 Quae
325 2141 392 2200 finis
407 2141 523 2203 standi?
543 2160 604 2216 quo
618 2159 666 2200 me
681 2140 1002 2217 decetusque·tene1i?

224 2237 341 2294 Ducere
356 2235 436 2293 dona
446 2227 526 2312 jube.
569 2232 677 2294 Cuncti
691 2233 777 2293 simul
792 2250 843 2293 ore
853 2234 1022 2294 fremebant

225 2326 423 2401 Dardanidae,
438 2325 582 2404 reddique
595 2326 658 2387 viro
672 2327 818 2405 promissa
828 2327 984 2407 jubebant.

223 2422 285 2481 Hic
299 2420 395 2499 gravis
410 2422 559 2480 Entellum
574 2420 660 2482 dictis
673 2420 797 2499 castigat
811 2424 945 2497 Acestes,

222 2514 376 2575 Proximus
391 2525 423 2573 ut
437 2514 582 2574 viridante
596 2525 661 2574 toro
675 2516 851 2575 consederat
865 2516 994 2577 herbae:

223 2609 349 2682 Entelle,
365 2609 488 2667 heroum
503 2608 655 2684 quondam
668 2608 825 2669 fortissime
840 2611 953 2684 trustra,

222 2704 357 2761 Tantane
371 2711 433 2760 tam
446 2700 561 2777 patiens
576 2702 657 2760 nullo
671 2703 831 2763 certamine
847 2703 911 2762 tolli
1161 2730 1198 2769 ³90

223 2796 312 2855 Dona
326 2794 424 2854 sines?
467 2794 530 2854 Ubi
543 2813 622 2853 nunc
637 2794 724 2854 nobis
738 2796 812 2855 deus
826 2796 876 2855 ille
890 2795 1030 2872 magister
1056 2840 1066 2849 ..

222 2887 433 2965 Nequidquam
447 2897 624 2947 memoratus
640 2888 738 2965 Eryx?
779 2887 842 2947 Ubi
856 2888 935 2947 fama
948 2906 1002 2965 per
1015 2904 1134 2948 ornnem

221 2980 411 3055 Trinacriam,
426 2991 457 3041 et
471 2981 566 3057 spolia
579 2981 629 3041 illa
643 2981 701 3041 tuis
715 2981 878 3058 pendentia
891 2982 997 3041 tectis?

222 3076 278 3136 Ille
293 3075 348 3134 sub
362 3074 455 3134 haec:
475 3077 547 3134 Non
560 3073 656 3134 laudis
671 3093 762 3148 amor,
777 3094 833 3134 nec
847 3074 941 3151 gloria
955 3073 1044 3135 cessit

223 3169 312 3227 Pulsa
326 3178 427 3243 metu;
447 3168 499 3227 sed
514 3167 593 3227 enim
607 3168 722 3244 gelidus
735 3168 871 3228 tardante
885 3178 1007 3227 senecta
1160 3195 1196 3233 sss

222 3260 348 3338 Sanguis
362 3262 461 3334 hebet,
476 3261 640 3338 frigentque
654 3262 760 3320 effetae
774 3260 806 3319 in
820 3278 943 3339 corpore
957 3260 1042 3321 vires.

222 3354 254 3414 Si
268 3354 440 3431 mihi,'quae
455 3355 606 3431 quondam
620 3354 722 3427 fuerat,
739 3374 856 3431 quaque
870 3355 1023 3431 improbus
1037 3355 1092 3415 iste

221 3449 357 3507 Exsultat
371 3448 476 3521 fidens,
492 3446 518 3507 si
532 3466 611 3506 nunc
626 3448 700 3507 foret
714 3446 765 3507 illa
776 3448 922 3527 juventas,

222 3542 316 3600 Haud
330 3540 470 3617 equidem
484 3538 581 3617 pretio
594 3540 732 3600 inductus
745 3541 929 3617 pulchroque
942 3542 1072 3617 juvenco

219 3634 386 3708 Venissem,
401 3653 458 3693 nec
473 3635 554 3693 dona
567 3652 674 3692 moror.
717 3633 766 3694 Sic
781 3634 890 3693 deinde
905 3634 1020 3694 locutus
1159 3661 1197 3699 ⁴00

204 3796 207 3800 ,
221 3728 258 3784 ln
272 3725 404 3786 medium
418 3728 553 3804 geminos
567 3726 689 3785 immani
703 3728 836 3803 pondere
850 3737 967 3787 caestus

221 3820 358 3899 Projecit,
374 3820 483 3898 quibus
496 3839 565 3880 acer
579 3822 658 3899 Eryx
671 3820 703 3879 in
716 3821 831 3898 proelia
841 3830 945 3881 suetus
