3017 4700
228 1142 242 1221 l

221 1225 229 1293 ,Ἀ

284 396 339 471 178
593 408 619 452 ι’.
631 407 773 453 vmoum
795 406 937 453 nunonis

269 559 347 634 ,Nec
361 557 463 616 dulces
478 564 572 630 natos,
588 554 713 616 Veneris
728 573 784 614 nee
799 552 930 632 praemia
944 549 1045 612 noris?

281 650 319 710 Id
333 649 461 710 cinerem
476 658 526 708 aut
541 650 649 731 Manes
663 647 760 708 credis
774 665 876 706 curare
891 646 1042 722 sepultos?

281 747 363 817 Esto,
389 762 507 822 aegram
524 741 597 800 nulli
611 740 764 818 quondam
778 740 885 799 flexere
899 737 1004 811 mariti,
1230 761 1268 805 35v
1298 743 1301 750 ’

281 839 352 896 Non
368 835 488 913 Libyae,
504 854 566 894 non
580 845 649 894 ante
663 835 764 910 Tyr0;
783 832 942 909 despectus
956 831 1059 891 Iarbas
1077 839 1116 912 ᾖ·
1127 819 1145 910 Ἀ

281 931 488 1004 Ductoresque
502 927 560 1002 alii,
576 946 652 1004 quos
666 925 767 985 Aliica
781 935 856 985 terra
870 923 1025 1002 triumphis

281 1021 375 1080 Dives
388 1021 458 1081 alit:
478 1020 628 1098 placitone
642 1019 732 1080 etiam
746 1018 899 1095 pugnabis
907 1017 1021 1078 amori?

281 1117 310 1174 N
313 1134 348 1175 ec
361 1113 443 1174 venit
456 1113 487 1172 in
502 1125 640 1187 mentem,
657 1130 784 1189 quorum
797 1111 968 1172 consederis
983 1110 1078 1172 arvis?

279 1207 365 1268 Hinc
380 1207 524 1269 Gaetulae
538 1206 634 1279 urbes,
649 1221 743 1282 genus
758 1203 955 1282 insuperabile
969 1179 1076 1291 bellos
1230 1233 1255 1269 4⁰

282 1303 320 1360 Et
336 1300 485 1360 Numidae
499 1298 605 1365 infreni
618 1299 741 1376 cingunt
755 1309 786 1358 et
800 1297 949 1375 inhospita
962 1296 1072 1375 Syrtis;

282 1394 366 1454 Hinc
380 1394 498 1454 deserta
512 1391 559 1473 siti
574 1390 663 1469 regio,
679 1391 797 1468 lateque
812 1392 942 1452 furentes

282 1487 410 1547 Barcaei.
455 1484 536 1560 Quid
550 1485 629 1544 bella
642 1487 722 1564 Tyro
736 1484 885 1562 surgentia
898 1483 1004 1558 dicam,

283 1577 483 1654 Germanique
497 1576 612 1638 minas?

284 1672 339 1730 Dis
354 1670 493 1748 equidem
508 1670 676 1748 auspicibus
689 1689 756 1731 reor
770 1681 799 1731 et
812 1672 931 1747 Junone
946 1669 1077 1731 secunda
1231 1699 1255 1736 45

284 1767 376 1823 Hunc
391 1782 508 1822 cursum
523 1763 629 1824 iliacas
643 1774 733 1823 vento
748 1764 878 1824 tenuisse
892 1763 1013 1824 carinas.

284 1858 382 1932 Quam
397 1867 428 1916 tu
443 1857 555 1930 urbem,
570 1875 660 1931 soror,
676 1858 754 1916 hanc
768 1875 879 1930 cernes,
895 1875 971 1933 quae
986 1874 1101 1934 surgere
1116 1873 1206 1934 regna

212 2012 215 2017 ,
284 1947 433 2026 Conjugio
447 1949 515 2008 talit
536 1952 683 2010 Teucrum
697 1949 908 2012 comitantibus
923 1948 1010 2009 arnus

284 2043 399 2102 Punica
411 2061 443 2102 se
458 2043 576 2119 quantis
589 2044 704 2104 attollet
717 2043 812 2121 gloria
825 2045 930 2103 rebus!

174 2169 180 2186 .
283 2139 331 2195 Tu
346 2136 438 2196 modo
451 2155 543 2213 posce
559 2137 632 2198 deos
646 2137 773 2211 veniam,
789 2135 938 2213 sacrisque
952 2135 1041 2196 litatis

283 2230 411 2307 Indulge
425 2229 564 2306 hospitio,
579 2248 759 2306 caussasque
774 2230 891 2289 innecte
905 2227 1049 2302 morandi,

284 2325 365 2383 Dum
379 2324 486 2401 pelago
500 2322 632 2384 desaevit
645 2322 740 2383 hiems
753 2332 785 2383 et
798 2341 928 2399 aquosus
943 2321 1045 2397 Orion,

283 2418 507 2494 Quassataeque
522 2429 608 2489 rates,
625 2417 696 2476 dum
710 2435 771 2476 non
787 2416 940 2477 tractabile
955 2418 1091 2476 coelum„

325 2510 385 2570 His
399 2510 485 2569 dictis
500 2509 654 2569 incensum
669 2508 800 2568 animum
814 2508 1007 2569 inflammavit
1022 2529 1131 2583 amore,

283 2604 432 2680 Spemque
448 2601 531 2662 dedit
545 2600 653 2661 dubiae
667 2600 768 2674 menti,
785 2600 930 2677 solvitque
945 2603 1096 2678 pudorem

284 2694 435 2771 Principio
449 2696 573 2755 delubra
586 2694 705 2766 adeunt,
719 2712 886 2770 pacemque
900 2714 953 2771 per
966 2714 1030 2755 aras

285 2788 450 2864 Exquirnnt
461 2809 470 2860 ;
489 2796 622 2847 mactant
635 2788 727 2846 lectas
740 2788 780 2847 de
794 2806 876 2847 more
889 2788 1026 2849 bidentes

283 2881 436 2958 Legiserae
453 2879 553 2941 Cereri
568 2881 752 2957 Phoeboque
766 2880 901 2957 patrique
916 2883 1025 2959 Lyaeo,

283 2974 395 3055 Junoni
409 2985 479 3034 ante
493 2992 607 3046 omnes,
622 2974 670 3033 cui
684 2973 783 3034 vincla
794 2974 905 3051 jugalia
918 2993 1015 3036 curae.

284 3071 363 3144 Ipsa,
380 3078 485 3127 tenens
499 3066 602 3126 dextra
615 3078 755 3144 pateram,
772 3067 968 3144 pulcherrima
984 3068 1064 3128 Dido

284 3160 448 3222 Candentis
461 3178 570 3219 vaccae
584 3160 683 3220 media
697 3161 772 3221 inter
786 3180 897 3221 cornua
910 3161 1014 3236 fundit,

284 3257 346 3314 Aut
360 3264 429 3313 ante
444 3272 496 3313 ora
509 3253 598 3313 deum
612 3253 736 3331 pingues
751 3253 894 3331 spatiatur
908 3255 946 3314 ad
961 3274 1034 3328 aras,

284 3349 492 3424 Instauratque
507 3345 585 3405 diem
601 3347 696 3420 donis,
712 3347 921 3424 pecudumque
935 3346 1056 3408 reclusis

284 3439 458 3500 Pectoribus
472 3438 589 3500 inhians
604 3439 744 3517 spirantia
757 3440 886 3501 consulit
900 3451 974 3500 exta

285 3536 356 3593 Heu
370 3542 471 3592 vatum
486 3532 603 3609 ignarae
617 3537 749 3593 mentes!
792 3533 873 3609 Quid
887 3544 957 3617 vota
970 3534 1124 3607 furentem,

284 3626 366 3701 Quid
381 3626 504 3685 delubra
516 3627 639 3702 juvant?
680 3629 734 3687 Est
743 3606 850 3687 molles
859 3626 980 3686 flamma
994 3627 1137 3687 medullas

285 3722 412 3792 Interea,
427 3729 457 3778 et
472 3718 594 3779 tacitum
607 3717 679 3778 vivit
692 3721 748 3779 sub
763 3731 883 3797 pectore
897 3720 1010 3779 vulnus.

285 3811 388 3874 Uritur
399 3811 499 3872 infelix
514 3811 596 3873 Dido
609 3823 731 3890 totaque
744 3823 868 3893 vagatur
963 3868 965 3875 Α
