3017 4700
335 390 391 464 236
590 389 594 394 '
648 404 673 448 Ρ.
692 403 826 481 vinoun
848 405 990 450 uanours

334 552 372 610 Et
386 550 446 609 fors
460 567 549 610 omne
563 549 665 610 datum
679 497 828 612 traheieiit
840 569 894 629 per
907 550 978 614 talia
992 559 1128 629 tempus3

333 643 392 703 Sed
406 662 507 703 comes
521 642 676 702 admonuit
688 642 875 721 breviterque
889 645 977 704 affata
992 644 1104 722 Sibylla
1118 654 1182 706 est:
1228 633 1232 652 ¹

226 737 233 747 “
333 739 404 795 Nox
417 735 481 810 ruit,
498 739 622 811 Aenea,
642 755 697 796 nos
710 737 813 797 flendo
827 737 961 798 ducimus
975 737 1072 798 horas.

334 829 395 889 Hic
409 832 492 898 locus
507 840 558 902 est,
573 840 672 906 partes
685 828 737 890 ubi
751 849 783 890 se
797 831 846 890 via
859 830 945 890 findit
958 830 989 890 in
1003 833 1124 892 ambas:
1268 863 1306 899 540
1346 891 1347 896 ,

285 989 295 1005 ,Ι
334 910 553 1000 Dextera‘duae
568 922 646 982 Ditis
660 922 760 1000 magni
775 923 829 982 sub
844 924 963 984 moenia
977 925 1080 998 tendit,

285 1086 288 1093 .
334 1015 471 1113 Hac'iter
486 1015 617 1093 Elysium
626 1015 738 1090 ‘nobis3
759 1026 789 1076 at
803 1017 887 1076 laeva
900 1019 1044 1077 malorum

334 1111 458 1168 Exercet
472 1127 592 1185 poenas,
608 1119 639 1168 et
653 1109 692 1168 ad
706 1108 797 1186 impia
810 1111 933 1169 Tartara
947 1109 1043 1170 mittit

335 1201 510 1278 Deiphobus
524 1213 644 1262 contra:
666 1203 715 1262 Ne
724 1202 817 1285 saevi,
833 1221 942 1280 magna
956 1203 1114 1280 sacerdos3

334 1294 504 1368 Discedam,
520 1297 648 1372 explebo
661 1281 825 1370 numerum,
841 1297 1005 1374 reddarque
1020 1295 1155 1358 tenebris.
1267 1327 1304 1364 555

334 1390 348 1446 Ι
364 1388 463 1460 decus,
479 1387 497 1462 i,
514 1399 665 1462 nostmm3
684 1387 856 1448 melioribus
870 1400 951 1450 utere
966 1391 1042 1451 satis.

332 1481 463 1540 Tantum
477 1482 589 1553 effatus,
606 1482 678 1541 etin
692 1484 785 1544 verbo
799 1482 921 1560 vestigia
934 1483 1025 1543 torsit.

375 1573 509 1650 Respicit
523 1576 643 1634 Aeneas
657 1575 764 1650 subito,
781 1587 810 1636 et
825 1578 881 1636 sub
895 1596 968 1654 rupe
983 1575 1099 1637 sinistra

335 1666 458 1726 Moenia
470 1667 530 1754 lata
543 1667 631 1740 videt,
647 1668 754 1744 triplici
770 1669 950 1730 circumdata
963 1689 1056 1744 mur0,

288 1817 292 1831 ,
334 1760 420 1834 Quae
434 1759 552 1836 rapidus
567 1761 993 1841 flammisapnbittorrentibus
1007 1762 1110 1836 amnis,
1267 1792 1304 1830 55⁰

333 1855 490 1913 Tartareus
505 1855 698 1932 Phlegethon,
713 1866 890 1932 torquetque
905 1855 1042 1916 sonantia
1056 1875 1133 1916 saxa

334 1949 424 2007 Porta
438 1948 569 2021 adversa,
585 1948 698 2025 ingens,
714 1949 870 2025 solidoque
885 1950 1041 2008 adamante
1055 1950 1221 2024 columnae,

260 2073 263 2076 ·
332 2041 385 2100 Vis
400 2053 433 2101 ut
447 2043 528 2101 nulla
541 2041 643 2116 virum,
659 2061 720 2102 non
734 2041 791 2119 ipsi
805 2041 976 2102 exscindere
990 2044 1070 2103 bello

332 2135 502 2195 Coelicolae
516 2136 634 2196 valeant
648 2158 656 2211 ;
676 2147 734 2196 stat
748 2137 841 2196 ferrea
855 2135 940 2196 turris
955 2136 993 2195 ad
1008 2155 1100 2211 auras,

284 2255 287 2259 ·
331 2229 555 2307 Tisiphoneque
570 2231 685 2303 sedens,
701 2230 781 2306 palla
795 2230 946 2313 succincta
960 2241 1089 2302 cruenta,
1217 2279 1221 2286 .
1266 2260 1302 2298 555

330 2323 518 2385 Vestibulum
532 2322 681 2384 exsomnis
696 2331 792 2383 servat
806 2333 968 2400 noctesque
982 2322 1112 2400 diesque.

332 2417 415 2479 Hinc
430 2417 561 2479 exaudiri
575 2416 710 2494 gemitus,
725 2427 756 2477 et
770 2436 858 2476 saeva
871 2435 977 2494 sonare

265 2521 267 2523 ’
330 2512 463 2572 Verbera
472 2522 564 2585 ptum
579 2508 685 2571 stridor
698 2510 774 2583 ferri,
790 2520 959 2585 tractaeque
974 2518 1103 2570 catenae.

332 2605 473 2665 Constitit
488 2609 614 2678 Aeneas,
631 2604 811 2681 strepituque
826 2603 979 2663 exterritus
994 2602 1095 2663 haesit.

333 2699 417 2771 Quae
433 2700 575 2757 scelerum
589 2698 701 2757 iacies?
722 2696 845 2774 ovirg0,
861 2696 967 2770 effare;
987 2696 1129 2773 quibusve
1266 2716 1304 2765 560

332 2792 502 2867 Urguentur
515 2790 640 2867 poenis?
660 2791 726 2867 quis
740 2800 839 2850 tantus
854 2790 978 2866 plangor
992 2791 1030 2849 ad
1045 2791 1149 2849 auras?

331 2886 409 2941 Tum
422 2894 503 2943 vates
518 2882 559 2943 sic
574 2903 642 2943 orsa
655 2884 755 2960 loqui:
777 2885 846 2941 Dux
860 2881 968 2942 inclute
983 2886 1140 2956 Teucrum,

332 2976 413 3035 Nulli
428 2977 471 3035 fas
485 2987 567 3035 casto
582 2978 754 3037 sceleratum
769 2975 903 3036 insistere
917 2975 1008 3035 limen
1021 2999 1030 3050 ;

331 3069 390 3129 Sed
398 3089 446 3129 me
457 3088 548 3145 quum
560 3071 631 3129 lucis
642 3072 759 3131 Hecate
769 3069 910 3149 praefecit
923 3068 1056 3141 Avemis,
1086 3144 1089 3151 Ι
1344 3142 1356 3167 U

333 3165 404 3238 Ipsa
418 3162 506 3221 deum
521 3181 633 3239 poenas
647 3164 757 3236 docuit,
773 3182 884 3240 perque
898 3161 999 3222 omnia
1013 3160 1104 3221 duxit.
1266 3182 1302 3229 5⁶5

333 3254 462 3315 Gnosius
476 3254 550 3314 haec
566 3255 812 3316 Rhadamanthus
826 3256 924 3329 habet,
940 3254 1097 3315 durissima
1110 3274 1208 3333 regna,

274 3394 283 3405 .
333 3348 524 3426 Castigatque
538 3348 678 3425 auditque
693 3350 787 3422 dolos,
804 3348 969 3426 subigitque
984 3348 1076 3421 fateri,

333 3443 418 3517 Quae
433 3442 499 3518 quis
513 3442 592 3519 apud
607 3460 737 3518 superos,
753 3442 830 3501 furto
845 3444 969 3521 lactabis
983 3440 1073 3516 inani,

335 3534 454 3594 Distulit
468 3534 497 3592 in
513 3553 607 3593 seram
621 3534 780 3593 commissa
793 3533 910 3610 piacula
923 3545 1056 3594 mortem
1147 3536 1150 3544 ‘

256 3630 261 3637 '
335 3628 485 3687 Continuo
500 3637 599 3685 sontes
613 3625 700 3685 ultrix
714 3626 848 3685 accincta
861 3626 980 3705 flagello

333 3719 496 3795 Tisiphone
512 3718 605 3794 quatit
618 3718 770 3793 insultam,
785 3732 943 3796 torvosque
958 3720 1074 3795 sinistra

267 3865 269 3868 .
335 3814 490 3871 Intentans
504 3812 618 3889 angues
625 3821 712 3871 vocat
726 3811 845 3889 agmina
858 3830 946 3873 saeva
960 3831 1101 3874 sororum.
