3017 4700
293 419 309 458 2
619 411 645 455 P.
666 411 767 456 omri
788 412 923 456 Kasours

293 561 462 635 Postquam,
477 559 603 618 Saturno
616 558 775 617 tenebrosa
787 557 819 615 in
832 559 955 616 Tartara
966 554 1068 629 misso,

290 653 352 712 Sub
364 653 441 727 Jove
455 652 583 710 mundus
596 661 666 722 erat,
682 649 773 710 subiit
785 661 925 726 argentea
936 650 1044 726 proles,

288 745 373 806 Auro
386 743 522 817 deterior,
535 743 616 802 fulvo
629 741 785 820 pretiosior
797 761 872 802 aere.

289 835 406 912 Jupiter
419 833 532 912 antiqui
545 833 691 895 contraxit
704 845 840 911 tempora
851 835 936 909 veris,

289 929 407 1006 Perque
421 927 533 988 hiemes
546 938 704 1004 aestusque
718 937 748 987 et
761 927 932 1027 inaequales
945 938 1104 988 autumnos

290 1025 330 1084 Et
343 1025 434 1084 breve
447 1040 497 1081 ver
511 1020 613 1098 spatiis
627 1021 724 1098 exegit
738 1032 868 1108 quatuor
877 1041 996 1081 annum

289 1118 368 1176 Tum
383 1115 510 1194 primum
524 1112 609 1174 siccis
624 1116 674 1174 aer
687 1114 848 1174 fervoribus
861 1125 943 1175 ustus

291 1208 429 1282 Canduit,
445 1218 475 1268 et
488 1206 583 1267 ventis
596 1205 706 1284 glacies
719 1207 860 1268 adstricta
871 1208 1021 1286 pependit

290 1303 368 1361 Tum
384 1299 511 1378 primum
525 1298 641 1359 subiere
654 1300 780 1360 domos:
800 1301 907 1361 domus
920 1313 1005 1361 antra
1016 1302 1097 1362 fuere

291 1396 329 1454 Et
343 1393 427 1454 densi
441 1391 558 1452 frutices
572 1401 603 1452 et
615 1391 732 1452 vinctae
746 1393 856 1453 cortice
869 1393 975 1471 virgae.

291 1486 412 1547 Semina
426 1495 487 1546 tum
501 1485 629 1564 primum
642 1486 738 1564 longis
752 1487 887 1548 Cerealia
901 1487 989 1547 sulcis

290 1580 405 1640 Obruta
418 1590 494 1651 sunt,
509 1577 661 1656 pressique
673 1581 744 1656 jugo
758 1599 895 1658 gemuere
907 1580 1035 1657 juvenci.

290 1671 391 1732 Tertia
404 1682 472 1749 post
486 1671 551 1732 illas
565 1672 706 1732 successit
719 1673 834 1732 ahenea
846 1674 953 1750 proles,

292 1764 413 1826 Saevior
425 1763 550 1842 ingeniis
565 1776 595 1826 et
609 1766 648 1824 ad
661 1765 781 1826 horrida
793 1765 937 1843 promtior
949 1784 1038 1839 arma,

291 1859 361 1918 Non
376 1858 518 1919 scelerata
531 1868 639 1919 tamen.
682 1861 730 1918 De
744 1860 819 1919 duro
832 1869 878 1918 est
891 1858 994 1918 ultima
1006 1860 1089 1918 ferro.

289 1950 428 2010 Protinus
441 1950 543 2028 irrupit
555 1970 649 2013 venae
663 1951 774 2029 pejoris
788 1951 819 2010 in
833 1971 939 2012 aevum

290 2044 388 2105 Omne
403 2044 504 2119 nelas;
524 2046 623 2122 fugere
637 2046 734 2122 pudor
746 2063 907 2121 verumque
921 2045 1073 2122 fidesque3

291 2139 327 2196 In
343 2155 468 2212 quorum
483 2137 598 2198 subiere
611 2139 711 2199 locum
724 2138 900 2214 fraudesque
914 2137 1035 2215 dolique

291 2229 482 2308 Insidiaeque
496 2242 526 2291 et
539 2231 584 2290 vis
598 2242 627 2291 et
642 2250 724 2291 amor
738 2233 898 2291 sceleratus
911 2230 1050 2290 habendi.

289 2323 366 2385 Vela
380 2324 492 2385 dabant
504 2323 608 2398 ventis,
623 2343 680 2386 nec
694 2323 793 2385 adhuc
805 2324 883 2385 bene
897 2333 1020 2384 noverat
1034 2322 1100 2383 illos

291 2418 320 2476 N
322 2416 418 2492 avita;
438 2436 574 2494 quaeque
589 2417 639 2477 diu
654 2426 795 2478 steterant
808 2417 839 2475 in
854 2416 1004 2476 montibus
1019 2417 1093 2490 altis,

291 2508 444 2571 Fluctibus
459 2509 566 2587 ignotis
580 2509 755 2570 insultavere
770 2510 895 2569 carinae.

292 2603 549 2679 Communemque
564 2602 652 2680 prius,
668 2589 728 2662 ceu
737 2602 849 2661 lumina
862 2601 933 2662 solis
947 2611 977 2662 et
990 2621 1086 2677 aurae,

292 2696 404 2758 Cautus
418 2695 540 2755 humum
554 2696 644 2772 longo
656 2693 784 2772 'signavit
798 2694 890 2754 limite
905 2713 1030 2755 mensor.

292 2790 358 2850 Nec
372 2798 486 2849 tantum
501 2799 614 2865 segetes
629 2787 827 2863 alimentaque
842 2785 943 2847 debita
957 2787 1039 2848 dives

292 2882 473 2942 Poscebatur
486 2882 612 2955 humus3
633 2880 685 2940 sed
700 2879 773 2940 itum
788 2879 876 2940 estin
891 2879 1003 2940 viscera
1016 2892 1117 2954 terrae,

292 2975 434 3051 Quasque
449 2973 654 3035 recondiderat
668 2972 834 3051 Stygiisque
848 2973 1019 3033 admoverat
1032 2972 1150 3048 umbris,

293 3066 480 3127 Effodiuntur
494 3085 576 3144 opes5
590 3066 771 3125 irritamenta
784 3067 936 3125 malorum.

292 3161 419 3239 Jamque
434 3178 545 3221 nocens
559 3160 674 3232 ferrum,
690 3160 826 3235 ferroque
840 3158 995 3219 nocentius
1010 3178 1112 3219 aumm

293 3253 464 3328 Prodierat;
484 3251 582 3330 prodit
595 3252 715 3325 bellum,
731 3252 813 3328 quod
828 3262 938 3329 pugnat
951 3262 1085 3329 utroque,

292 3344 518 3423 Sanguineaque
532 3364 621 3405 manu
636 3343 810 3421 crepitantia
824 3343 956 3404 concutit
969 3364 1057 3403 arma

292 3436 408 3498 Vivitur
421 3457 457 3498 ex
471 3448 573 3515 rapto:
594 3456 655 3497 non
670 3436 779 3513 hospes
794 3438 832 3496 ab
846 3437 964 3513 hospite
978 3447 1066 3510 tutus,

294 3532 365 3591 Non
379 3550 462 3591 socer
476 3550 494 3591 a
506 3548 635 3608 gener03
656 3530 775 3589 fratrum
790 3548 909 3605 quoque
922 3528 1016 3607 gratia
1028 3548 1093 3590 rara
1106 3540 1157 3590 est
1224 3560 1234 3587 1

294 3623 435 3685 Imminet
449 3624 539 3684 exitio
552 3622 596 3683 vir
609 3620 752 3699 conjugis,
768 3621 818 3681 illa
831 3621 927 3683 mariti
938 3642 947 3697 3

294 3717 404 3778 Lurida
418 3716 560 3779 terribiles
574 3715 699 3777 miscent
714 3714 831 3775 aconita
841 3734 1007 3791 novercae3

296 3810 386 3871 Filius
400 3819 469 3873 ante
484 3809 562 3872 diem
577 3808 686 3888 patrios
700 3805 820 3885 inquirit
833 3806 864 3866 in
878 3825 981 3869 annos.
