3017 4700
313 395 369 452 160
624 409 650 451 r.
672 409 806 452 vraomrr
828 408 969 454 uanours

311 552 461 613 Maximus
474 554 555 614 unde
569 563 661 631 pater,
675 553 698 614 si
712 554 767 614 rite
782 553 882 614 audita
896 554 1041 628 recordor,

309 650 442 707 Teucrus
458 648 609 707 Rhoeteas
624 647 750 725 primum
765 659 809 708 est
822 649 964 707 advectus
978 648 1016 706 ad
1032 666 1105 721 oras,

310 740 493 818 Optavitque
508 741 607 801 locum
621 760 721 820 regno.
765 741 909 800 Nondum
925 739 1013 799 Ilium
1027 751 1057 800 et
1071 759 1152 800 arces

310 835 490 911 Pergameae
505 844 645 894 steterant
657 857 667 909 ;
687 833 862 894 habitabant
876 833 1000 894 vallibus
1014 833 1088 894 imis.

311 925 395 986 Hinc
409 937 504 986 mater
517 927 623 987 cultrix
638 926 770 1003 Cybelae
784 925 1024 1004 Corybantiaque
1038 946 1107 987 aera

310 1019 496 1096 Idaeumque
510 1039 633 1094 nemus,
653 1018 724 1078 hinc
738 1020 799 1079 fida
813 1018 929 1080 silentia
943 1017 1043 1092 sacris,

311 1114 349 1171 Et
361 1113 458 1189 juncti
472 1132 587 1174 caurum
602 1108 741 1172 dominae
756 1112 871 1172 subiere
885 1113 995 1174 leones.

311 1207 389 1282 Ergo
405 1205 490 1282 agite,
507 1218 544 1279 et,
561 1205 661 1265 divum
676 1206 789 1266 ducunt
804 1225 863 1283 qua
876 1207 966 1282 jussa,
983 1225 1139 1282 sequamur
1147 1227 1157 1280 3

311 1300 466 1358 Placemus
481 1309 586 1358 ventos
601 1309 630 1358 et
645 1298 759 1359 Gnosia
773 1318 863 1376 regna
877 1309 1018 1376 petamus.
1176 1373 1179 1380 .
1248 1328 1283 1366 115

311 1393 376 1451 Nec
391 1392 482 1469 longo'
497 1391 607 1451 distant
621 1412 726 1465 cursu3
746 1392 838 1451 modo
852 1391 988 1468 Juppiter
1002 1390 1087 1465 adsit,

309 1484 411 1544 Tertia
425 1486 476 1544 lux
490 1485 614 1544 classem
629 1484 761 1544 Cretaeis
776 1484 860 1544 sistet
874 1485 904 1543 in
919 1484 983 1544 oris.

201 1574 203 1579 ’
312 1577 361 1637 Sic
375 1579 461 1650 fatus,
477 1577 597 1636 meritos
612 1578 669 1637 aris
682 1577 823 1638 mactavit
835 1579 972 1650 honores,

309 1673 442 1730 Taurum
457 1672 608 1747 Neptuno,
625 1682 740 1730 taurum
754 1670 817 1746 tibi,
833 1671 954 1748 pulcher
969 1671 1087 1747 Apollo,
1196 1653 1199 1661 ¹

310 1761 434 1841 Nigrum
443 1763 552 1823 Hiemi
565 1765 720 1842 pecudem,
736 1764 876 1842 Zephyris
890 1763 1024 1823 felicibus
1039 1759 1155 1824 albam.¹
1248 1793 1284 1820 ιω

351 1859 444 1916 Fama
457 1858 537 1916 volat
550 1858 669 1935 pulsum
683 1857 779 1935 regnis
794 1857 917 1918 cessisse
931 1857 1061 1934 paternis

311 1950 477 2011 Idomenea
490 1951 607 2025 ducem,
623 1951 797 2027 desertaque
812 1950 898 2011 litora
913 1952 1028 2024 Cretae,

311 2045 410 2103 Hoste
425 2063 528 2104 vacare
544 2045 658 2118 domos,
674 2043 820 2121 sedesque
835 2044 951 2104 adstare
965 2042 1094 2104 relictas.⁴

311 2136 486 2214 Linquimus
502 2136 641 2215 Ortygiae
655 2148 766 2215 portus,
782 2137 947 2214 pelagoque
962 2137 1104 2210 volamus,

311 2231 550 2308 Bacchatamque
563 2231 641 2309 jugis
657 2233 766 2291 Naxon
781 2230 963 2306 viridemque
979 2232 1141 2307 Donysam,
1249 2259 1283 2297 ης

311 2309 451 2399 Ole'aron,
466 2325 645 2403 niveamque
660 2327 757 2384 Paron
773 2343 947 2401 sparsasque
961 2342 1014 2400 per
1028 2342 1139 2400 aequor

312 2419 459 2496 Cycladas
473 2430 503 2479 et
517 2419 626 2478 crebris
641 2417 766 2497 legimus
781 2419 854 2476 freta
868 2415 985 2476 consita
1000 2416 1089 2479 terris.

311 2511 456 2571 Nauticus
471 2511 599 2571 exoritur
612 2510 693 2571 vario
708 2509 868 2570 certamine
882 2510 1013 2584 clamor;

311 2606 478 2663 Hortantur
492 2604 583 2664 socii:
606 2607 726 2665 Cretam
740 2621 926 2680 proavosque
941 2613 1083 2679 petamus.

311 2696 503 2773 Prosequitur
516 2716 638 2775 surgens
653 2717 671 2757 a
683 2697 779 2773 puppi
793 2707 898 2755 ventus
913 2707 1025 2770 euntes,

312 2791 351 2848 Et
364 2790 486 2849 taudem
500 2789 628 2867 antiquis
643 2792 785 2850 Curetum
800 2788 954 2849 allabimur
967 2788 1033 2849 oris

312 2885 391 2959 Ergo
405 2882 508 2942 avidus
523 2903 622 2943 muros
637 2893 755 2961 optatae
771 2882 877 2943 molior
891 2882 980 2957 urbis,

310 2977 562 3053 Pergameamque
576 2995 661 3049 voco,
677 2987 707 3037 et
721 2977 830 3038 laetam
844 2976 1022 3054 cognomine
1035 2986 1153 3055 gentem

288 3074 290 3077 ⁴
311 3072 427 3129 Hortor
441 3088 539 3129 amare
553 3069 638 3129 focos
653 3089 810 3147 arcemque
826 3070 959 3131 attollere
974 3070 1067 3131 tectis

309 3164 437 3239 Jamque
452 3163 512 3221 fere
527 3161 606 3222 sicco
624 3163 787 3223 subductae
801 3162 886 3225 litore
900 3182 1035 3241 puppes3

312 3254 478 3316 Connubiis
493 3254 627 3333 arvisque
641 3255 726 3315 novis
741 3267 865 3334 operata
875 3259 1035 3334 juventus;

310 3350 382 3424 Jura
396 3348 562 3425 domosque
577 3349 703 3408 dabam:
725 3349 824 3409 subito
839 3371 929 3427 quum
944 3350 1046 3413 tabida
1059 3348 1207 3423 membris

312 3443 460 3518 Corrupto
474 3440 551 3501 coeli
565 3452 668 3517 tractu,
684 3442 910 3520 miserandaque
925 3444 1006 3505 venit

312 3533 536 3610 Arboribusque
551 3534 680 3611 satisque
694 3536 758 3595 lues
773 3546 802 3594 et
816 3534 911 3595 letifer
924 3555 1027 3596 annus.

312 3626 502 3704 Linquebant
516 3628 617 3687 dulces
631 3626 752 3701 animas,
769 3638 824 3699 aut
834 3647 922 3705 aegra
931 3629 1090 3691 ,trahebant

313 3721 466 3797 Corpora3
486 3731 550 3780 tum
564 3719 676 3781 steriles
691 3738 812 3779 exurere
827 3719 916 3780 Sirius
930 3740 1035 3797 agros,

313 3814 446 3874 Arebaut
460 3814 577 3888 herbae,
593 3824 623 3873 et
636 3812 747 3872 victum
762 3832 846 3891 seges
861 3832 947 3891 aegra
960 3815 1095 3891 negabat.
