<?xml version="1.0" encoding="UTF-8"?>
<!DOCTYPE html PUBLIC "-//W3C//DTD XHTML 1.0 Transitional//EN"
    "http://www.w3.org/TR/xhtml1/DTD/xhtml1-transitional.dtd">
<html xmlns="http://www.w3.org/1999/xhtml" xml:lang="en" lang="en">
 <head>
  <title>
</title>
<meta http-equiv="Content-Type" content="text/html;charset=utf-8" />
  <meta name='ocr-system' content='tesseract 3.04.00' />
  <meta name='ocr-capabilities' content='ocr_page ocr_carea ocr_par ocr_line ocrx_word'/>
</head>
<body>
  <div class='ocr_page' id='page_1' title='image "./selectionsfromo01virggoog_0165.png"; bbox 0 0 3017 4700; ppageno 0'>
   <div class='ocr_carea' id='block_1_1' title="bbox 571 380 864 424">
    <p class='ocr_par' dir='ltr' id='par_1_1' title="bbox 571 380 864 424">
     <span class='ocr_line' id='line_1_1' title="bbox 571 380 864 424; baseline 0.007 -2"><span class='ocrx_word' id='word_1_1' title='bbox 571 380 729 424; x_wconf 63' lang='lat' dir='ltr'>neustrios</span> <span class='ocrx_word' id='word_1_2' title='bbox 750 381 808 424; x_wconf 84' lang='lat' dir='ltr'>LIB.</span> <span class='ocrx_word' id='word_1_3' title='bbox 832 382 864 424; x_wconf 93' lang='lat'>11.</span> 
     </span>
    </p>
   </div>
   <div class='ocr_carea' id='block_1_2' title="bbox 222 523 1209 3861">
    <p class='ocr_par' dir='ltr' id='par_1_2' title="bbox 222 523 1209 3861">
     <span class='ocr_line' id='line_1_2' title="bbox 234 523 1020 603; baseline 0.005 -19"><span class='ocrx_word' id='word_1_4' title='bbox 234 525 369 584; x_wconf 87' lang='lat' dir='ltr'>Alterum</span> <span class='ocrx_word' id='word_1_5' title='bbox 383 523 412 582; x_wconf 95' lang='lat' dir='ltr'>in</span> <span class='ocrx_word' id='word_1_6' title='bbox 428 523 547 584; x_wconf 90' lang='lat' dir='ltr'>alterius</span> <span class='ocrx_word' id='word_1_7' title='bbox 561 535 707 585; x_wconf 87' lang='lat' dir='ltr'>mactatos</span> <span class='ocrx_word' id='word_1_8' title='bbox 721 525 865 603; x_wconf 86' lang='lat' dir='ltr'>sanguine</span> <span class='ocrx_word' id='word_1_9' title='bbox 880 529 1020 588; x_wconf 81' lang='lat' dir='ltr'>cernam?</span> 
     </span>
     <span class='ocr_line' id='line_1_3' title="bbox 234 607 1020 692; baseline 0.001 -15"><span class='ocrx_word' id='word_1_10' title='bbox 234 621 333 690; x_wconf 91' lang='lat' dir='ltr'>Arma,</span> <span class='ocrx_word' id='word_1_11' title='bbox 349 607 411 690; x_wconf 80' lang='lat' dir='ltr'>viri,</span> <span class='ocrx_word' id='word_1_12' title='bbox 427 617 501 676; x_wconf 85' lang='lat' dir='ltr'>ferte</span> <span class='ocrx_word' id='word_1_13' title='bbox 516 635 620 692; x_wconf 79' lang='lat' dir='ltr'>arma,·</span> <span class='ocrx_word' id='word_1_14' title='bbox 636 628 724 677; x_wconf 85' lang='lat' dir='ltr'>vocat</span> <span class='ocrx_word' id='word_1_15' title='bbox 737 618 788 676; x_wconf 92' lang='lat' dir='ltr'>lux</span> <span class='ocrx_word' id='word_1_16' title='bbox 802 618 905 676; x_wconf 87' lang='lat' dir='ltr'>ultima</span> <span class='ocrx_word' id='word_1_17' title='bbox 918 618 1020 680; x_wconf 89' lang='lat' dir='ltr'>victos.</span> 
     </span>
     <span class='ocr_line' id='line_1_4' title="bbox 235 709 1003 784; baseline 0.001 -15"><span class='ocrx_word' id='word_1_18' title='bbox 235 711 365 770; x_wconf 85' lang='lat' dir='ltr'>Reddite</span> <span class='ocrx_word' id='word_1_19' title='bbox 379 729 427 768; x_wconf 92' lang='lat' dir='ltr'>me</span> <span class='ocrx_word' id='word_1_20' title='bbox 443 709 575 784; x_wconf 76' lang='lat' dir='ltr'>Danais-5</span> <span class='ocrx_word' id='word_1_21' title='bbox 595 710 683 769; x_wconf 90' lang='lat' dir='ltr'>sinite</span> <span class='ocrx_word' id='word_1_22' title='bbox 698 711 859 772; x_wconf 82' lang='lat' dir='ltr'>instaurata</span> <span class='ocrx_word' id='word_1_23' title='bbox 873 711 1003 770; x_wconf 88' lang='lat' dir='ltr'>revisam</span> 
     </span>
     <span class='ocr_line' id='line_1_5' title="bbox 235 803 1076 878; baseline 0.001 -15"><span class='ocrx_word' id='word_1_24' title='bbox 235 804 356 863; x_wconf 85' lang='lat' dir='ltr'>Proelia.</span> <span class='ocrx_word' id='word_1_25' title='bbox 401 805 572 878; x_wconf 87' lang='lat' dir='ltr'>Numquam</span> <span class='ocrx_word' id='word_1_26' title='bbox 586 819 691 863; x_wconf 87' lang='lat' dir='ltr'>omnes</span> <span class='ocrx_word' id='word_1_27' title='bbox 705 803 796 862; x_wconf 88' lang='lat' dir='ltr'>hodie</span> <span class='ocrx_word' id='word_1_28' title='bbox 810 804 968 862; x_wconf 87' lang='lat' dir='ltr'>moriemur</span> <span class='ocrx_word' id='word_1_29' title='bbox 982 805 1076 864; x_wconf 90' lang='lat' dir='ltr'>inulti.</span> 
     </span>
     <span class='ocr_line' id='line_1_6' title="bbox 275 895 1048 974; baseline -0.001 -18"><span class='ocrx_word' id='word_1_30' title='bbox 275 897 357 956; x_wconf 91' lang='lat' dir='ltr'>Hinc</span> <span class='ocrx_word' id='word_1_31' title='bbox 369 898 447 958; x_wconf 82' lang='lat' dir='ltr'>ferro</span> <span class='ocrx_word' id='word_1_32' title='bbox 461 895 600 973; x_wconf 83' lang='lat' dir='ltr'>accingor</span> <span class='ocrx_word' id='word_1_33' title='bbox 614 915 713 954; x_wconf 91' lang='lat' dir='ltr'>rursus</span> <span class='ocrx_word' id='word_1_34' title='bbox 727 896 884 974; x_wconf 91' lang='lat' dir='ltr'>clipeoque</span> <span class='ocrx_word' id='word_1_35' title='bbox 899 895 1048 956; x_wconf 85' lang='lat' dir='ltr'><strong>sinistram</strong></span> 
     </span>
     <span class='ocr_line' id='line_1_7' title="bbox 222 989 1006 1066; baseline -0.001 -17"><span class='ocrx_word' id='word_1_36' title='bbox 222 991 421 1050; x_wconf 85' lang='lat' dir='ltr'>-Insertabam</span> <span class='ocrx_word' id='word_1_37' title='bbox 436 999 542 1066; x_wconf 88' lang='lat' dir='ltr'>aptans</span> <span class='ocrx_word' id='word_1_38' title='bbox 556 1007 663 1064; x_wconf 88' lang='lat' dir='ltr'>meque</span> <span class='ocrx_word' id='word_1_39' title='bbox 671 998 761 1047; x_wconf 85' lang='lat' dir='ltr'>extra</span> <span class='ocrx_word' id='word_1_40' title='bbox 775 998 854 1048; x_wconf 87' lang='lat' dir='ltr'>tecta</span> <span class='ocrx_word' id='word_1_41' title='bbox 867 989 1006 1048; x_wconf 79' lang='lat' dir='ltr'>ferebam.</span> 
     </span>
     <span class='ocr_line' id='line_1_8' title="bbox 237 1077 990 1158; baseline -0.003 -16"><span class='ocrx_word' id='word_1_42' title='bbox 237 1085 313 1142; x_wconf 86' lang='lat' dir='ltr'>Ecce</span> <span class='ocrx_word' id='word_1_43' title='bbox 328 1093 426 1142; x_wconf 86' lang='lat' dir='ltr'>autem</span> <span class='ocrx_word' id='word_1_44' title='bbox 441 1083 596 1158; x_wconf 89' lang='lat' dir='ltr'>complexa</span> <span class='ocrx_word' id='word_1_45' title='bbox 609 1081 703 1158; x_wconf 86' lang='lat' dir='ltr'>pedes</span> <span class='ocrx_word' id='word_1_46' title='bbox 717 1082 749 1139; x_wconf 92' lang='lat' dir='ltr'>in</span> <span class='ocrx_word' id='word_1_47' title='bbox 765 1077 865 1140; x_wconf 86' lang='lat' dir='ltr'>limine¹</span> <span class='ocrx_word' id='word_1_48' title='bbox 880 1084 990 1158; x_wconf 91' lang='lat' dir='ltr'>conjux</span> 
     </span>
     <span class='ocr_line' id='line_1_9' title="bbox 237 1174 974 1251; baseline 0.003 -19"><span class='ocrx_word' id='word_1_49' title='bbox 237 1175 397 1247; x_wconf 85' lang='lat' dir='ltr'>Haerebat,</span> <span class='ocrx_word' id='word_1_50' title='bbox 412 1193 594 1251; x_wconf 88' lang='lat' dir='ltr'>parvumque</span> <span class='ocrx_word' id='word_1_51' title='bbox 608 1174 685 1250; x_wconf 87' lang='lat' dir='ltr'>patri</span> <span class='ocrx_word' id='word_1_52' title='bbox 699 1175 843 1233; x_wconf 89' lang='lat' dir='ltr'>tendebat</span> <span class='ocrx_word' id='word_1_53' title='bbox 858 1175 955 1232; x_wconf 89' lang='lat' dir='ltr'>lulum</span> <span class='ocrx_word' id='word_1_54' title='bbox 969 1197 974 1234; x_wconf 94' lang='lat'><strong>:</strong></span> 
     </span>
     <span class='ocr_line' id='line_1_10' title="bbox 236 1267 1005 1345; baseline -0.001 -18"><span class='ocrx_word' id='word_1_55' title='bbox 236 1268 265 1327; x_wconf 90' lang='lat' dir='ltr'>Si</span> <span class='ocrx_word' id='word_1_56' title='bbox 279 1269 424 1345; x_wconf 90' lang='lat' dir='ltr'>periturus</span> <span class='ocrx_word' id='word_1_57' title='bbox 438 1268 511 1341; x_wconf 85' lang='lat' dir='ltr'>abis,</span> <span class='ocrx_word' id='word_1_58' title='bbox 527 1277 558 1326; x_wconf 90' lang='lat' dir='ltr'>et</span> <span class='ocrx_word' id='word_1_59' title='bbox 572 1286 628 1326; x_wconf 92' lang='lat' dir='ltr'>nos</span> <span class='ocrx_word' id='word_1_60' title='bbox 642 1285 713 1343; x_wconf 88' lang='lat' dir='ltr'>rape</span> <span class='ocrx_word' id='word_1_61' title='bbox 727 1267 759 1324; x_wconf 94' lang='lat' dir='ltr'>in</span> <span class='ocrx_word' id='word_1_62' title='bbox 773 1267 874 1326; x_wconf 89' lang='lat' dir='ltr'>omnia</span> <span class='ocrx_word' id='word_1_63' title='bbox 887 1277 1005 1343; x_wconf 80' lang='lat' dir='ltr'>tecum3</span> 
     </span>
     <span class='ocr_line' id='line_1_11' title="bbox 239 1360 1085 1438; baseline 0.002 -18"><span class='ocrx_word' id='word_1_64' title='bbox 239 1361 290 1420; x_wconf 89' lang='lat' dir='ltr'>Sin</span> <span class='ocrx_word' id='word_1_65' title='bbox 304 1362 433 1436; x_wconf 83' lang='lat' dir='ltr'>aliquam</span> <span class='ocrx_word' id='word_1_66' title='bbox 448 1371 586 1438; x_wconf 87' lang='lat' dir='ltr'>expertus</span> <span class='ocrx_word' id='word_1_67' title='bbox 600 1360 726 1436; x_wconf 89' lang='lat' dir='ltr'>sumptis</span> <span class='ocrx_word' id='word_1_68' title='bbox 741 1378 825 1436; x_wconf 90' lang='lat' dir='ltr'>spem</span> <span class='ocrx_word' id='word_1_69' title='bbox 841 1360 927 1436; x_wconf 91' lang='lat' dir='ltr'>ponis</span> <span class='ocrx_word' id='word_1_70' title='bbox 942 1361 972 1419; x_wconf 89' lang='lat' dir='ltr'>in</span> <span class='ocrx_word' id='word_1_71' title='bbox 988 1362 1085 1435; x_wconf 80' lang='lat' dir='ltr'>armiS,</span> 
     </span>
     <span class='ocr_line' id='line_1_12' title="bbox 236 1453 1051 1530; baseline 0.004 -19"><span class='ocrx_word' id='word_1_72' title='bbox 236 1455 326 1512; x_wconf 85' lang='lat' dir='ltr'>Hanc</span> <span class='ocrx_word' id='word_1_73' title='bbox 340 1454 466 1530; x_wconf 91' lang='lat' dir='ltr'>primum</span> <span class='ocrx_word' id='word_1_74' title='bbox 479 1464 575 1513; x_wconf 89' lang='lat' dir='ltr'>tutare</span> <span class='ocrx_word' id='word_1_75' title='bbox 589 1455 720 1514; x_wconf 89' lang='lat' dir='ltr'>domum.</span> <span class='ocrx_word' id='word_1_76' title='bbox 764 1453 821 1513; x_wconf 92' lang='lat' dir='ltr'>Cui</span> <span class='ocrx_word' id='word_1_77' title='bbox 835 1473 943 1529; x_wconf 86' lang='lat' dir='ltr'>parvus</span> <span class='ocrx_word' id='word_1_78' title='bbox 959 1455 1051 1528; x_wconf 91' lang='lat' dir='ltr'>Iulus,</span> 
     </span>
     <span class='ocr_line' id='line_1_13' title="bbox 238 1545 1079 1648; baseline 0.001 -42"><span class='ocrx_word' id='word_1_79' title='bbox 238 1546 293 1606; x_wconf 84' lang='lat' dir='ltr'>Cui</span> <span class='ocrx_word' id='word_1_80' title='bbox 307 1556 390 1623; x_wconf 86' lang='lat' dir='ltr'>pater</span> <span class='ocrx_word' id='word_1_81' title='bbox 404 1556 434 1605; x_wconf 92' lang='lat' dir='ltr'>et</span> <span class='ocrx_word' id='word_1_82' title='bbox 447 1549 557 1623; x_wconf 89' lang='lat' dir='ltr'>conjux</span> <span class='ocrx_word' id='word_1_83' title='bbox 571 1547 723 1624; x_wconf 89' lang='lat' dir='ltr'>quondam</span> <span class='ocrx_word' id='word_1_84' title='bbox 737 1556 789 1605; x_wconf 93' lang='lat' dir='ltr'>tua</span> <span class='ocrx_word' id='word_1_85' title='bbox 803 1545 884 1604; x_wconf 85' lang='lat' dir='ltr'>dicta</span> <span class='ocrx_word' id='word_1_86' title='bbox 897 1547 1079 1648; x_wconf 56' lang='lat' dir='ltr'>relinquor}</span> 
     </span>
     <span class='ocr_line' id='line_1_14' title="bbox 274 1639 1069 1718; baseline 0.003 -20"><span class='ocrx_word' id='word_1_87' title='bbox 274 1639 360 1698; x_wconf 89' lang='lat' dir='ltr'>Talia</span> <span class='ocrx_word' id='word_1_88' title='bbox 372 1640 537 1700; x_wconf 86' lang='lat' dir='ltr'>vociferans</span> <span class='ocrx_word' id='word_1_89' title='bbox 551 1641 663 1718; x_wconf 83' lang='lat' dir='ltr'>gemitu</span> <span class='ocrx_word' id='word_1_90' title='bbox 676 1650 789 1700; x_wconf 90' lang='lat' dir='ltr'>tectum</span> <span class='ocrx_word' id='word_1_91' title='bbox 804 1657 893 1698; x_wconf 91' lang='lat' dir='ltr'>omne</span> <span class='ocrx_word' id='word_1_92' title='bbox 908 1641 1069 1716; x_wconf 73' lang='lat' dir='ltr'>replebat,-</span> 
     </span>
     <span class='ocr_line' id='line_1_15' title="bbox 235 1732 1078 1810; baseline 0.002 -19"><span class='ocrx_word' id='word_1_93' title='bbox 235 1733 334 1806; x_wconf 90' lang='lat' dir='ltr'>Quum</span> <span class='ocrx_word' id='word_1_94' title='bbox 349 1733 478 1792; x_wconf 89' lang='lat' dir='ltr'>subitum</span> <span class='ocrx_word' id='word_1_95' title='bbox 494 1734 635 1810; x_wconf 89' lang='lat' dir='ltr'>dictuque</span> <span class='ocrx_word' id='word_1_96' title='bbox 650 1734 741 1792; x_wconf 86' lang='lat' dir='ltr'>oritur</span> <span class='ocrx_word' id='word_1_97' title='bbox 754 1732 890 1791; x_wconf 88' lang='lat' dir='ltr'>mirabile</span> <span class='ocrx_word' id='word_1_98' title='bbox 905 1744 1078 1793; x_wconf 88' lang='lat' dir='ltr'>monstrum.</span> 
     </span>
     <span class='ocr_line' id='line_1_16' title="bbox 235 1827 1072 1904; baseline 0 -18"><span class='ocrx_word' id='word_1_99' title='bbox 235 1830 372 1903; x_wconf 89' lang='lat' dir='ltr'>Namque</span> <span class='ocrx_word' id='word_1_100' title='bbox 386 1846 492 1886; x_wconf 89' lang='lat' dir='ltr'>manus</span> <span class='ocrx_word' id='word_1_101' title='bbox 506 1827 586 1886; x_wconf 85' lang='lat' dir='ltr'>inter-</span> <span class='ocrx_word' id='word_1_102' title='bbox 595 1837 835 1904; x_wconf 85' lang='lat' dir='ltr'>maestorumque</span> <span class='ocrx_word' id='word_1_103' title='bbox 850 1845 902 1886; x_wconf 87' lang='lat' dir='ltr'>ora</span> <span class='ocrx_word' id='word_1_104' title='bbox 915 1837 1072 1904; x_wconf 88' lang='lat' dir='ltr'>parentum</span> 
     </span>
     <span class='ocr_line' id='line_1_17' title="bbox 235 1921 879 1980; baseline -0.003 0"><span class='ocrx_word' id='word_1_105' title='bbox 235 1922 314 1980; x_wconf 92' lang='lat' dir='ltr'>Ecce</span> <span class='ocrx_word' id='word_1_106' title='bbox 328 1921 401 1980; x_wconf 90' lang='lat' dir='ltr'>levis</span> <span class='ocrx_word' id='word_1_107' title='bbox 416 1939 538 1980; x_wconf 57' lang='lat' dir='ltr'>summo&gt;</span> <span class='ocrx_word' id='word_1_108' title='bbox 547 1921 585 1979; x_wconf 92' lang='lat' dir='ltr'>de</span> <span class='ocrx_word' id='word_1_109' title='bbox 600 1921 710 1980; x_wconf 86' lang='lat' dir='ltr'>vertice</span> <span class='ocrx_word' id='word_1_110' title='bbox 724 1922 805 1980; x_wconf 91' lang='lat' dir='ltr'>visus</span> <span class='ocrx_word' id='word_1_111' title='bbox 821 1921 879 1980; x_wconf 92' lang='lat' dir='ltr'>Iuli</span> 
     </span>
     <span class='ocr_line' id='line_1_18' title="bbox 235 2013 992 2090; baseline 0 -18"><span class='ocrx_word' id='word_1_112' title='bbox 235 2014 369 2073; x_wconf 90' lang='lat' dir='ltr'>Fundere</span> <span class='ocrx_word' id='word_1_113' title='bbox 384 2014 484 2072; x_wconf 93' lang='lat' dir='ltr'>lumen</span> <span class='ocrx_word' id='word_1_114' title='bbox 498 2031 582 2090; x_wconf 85' lang='lat' dir='ltr'>apex,</span> <span class='ocrx_word' id='word_1_115' title='bbox 598 2024 737 2090; x_wconf 90' lang='lat' dir='ltr'>tactuque</span> <span class='ocrx_word' id='word_1_116' title='bbox 751 2013 872 2073; x_wconf 88' lang='lat' dir='ltr'>innoxia</span> <span class='ocrx_word' id='word_1_117' title='bbox 885 2014 992 2073; x_wconf 88' lang='lat' dir='ltr'>molles</span> 
     </span>
     <span class='ocr_line' id='line_1_19' title="bbox 235 2105 1049 2184; baseline -0.001 -19"><span class='ocrx_word' id='word_1_118' title='bbox 235 2107 379 2166; x_wconf 90' lang='lat' dir='ltr'>Lambere</span> <span class='ocrx_word' id='word_1_119' title='bbox 393 2107 511 2165; x_wconf 88' lang='lat' dir='ltr'>flamma</span> <span class='ocrx_word' id='word_1_120' title='bbox 525 2125 626 2166; x_wconf 91' lang='lat' dir='ltr'>comas</span> <span class='ocrx_word' id='word_1_121' title='bbox 641 2117 670 2165; x_wconf 89' lang='lat' dir='ltr'>et</span> <span class='ocrx_word' id='word_1_122' title='bbox 684 2107 795 2165; x_wconf 91' lang='lat' dir='ltr'>circum</span> <span class='ocrx_word' id='word_1_123' title='bbox 809 2115 943 2184; x_wconf 89' lang='lat' dir='ltr'>tempora</span> <span class='ocrx_word' id='word_1_124' title='bbox 957 2105 1049 2183; x_wconf 91' lang='lat' dir='ltr'>pasci.</span> 
     </span>
     <span class='ocr_line' id='line_1_20' title="bbox 235 2197 1055 2289; baseline -0.001 -32"><span class='ocrx_word' id='word_1_125' title='bbox 235 2201 300 2257; x_wconf 93' lang='lat' dir='ltr'>Nos</span> <span class='ocrx_word' id='word_1_126' title='bbox 314 2197 576 2289; x_wconf 28' lang='lat' dir='ltr'>pavidiqtrepidare</span> <span class='ocrx_word' id='word_1_127' title='bbox 590 2207 679 2271; x_wconf 90' lang='lat' dir='ltr'>metu,</span> <span class='ocrx_word' id='word_1_128' title='bbox 695 2197 1055 2275; x_wconf 84' lang='lat' dir='ltr'>crinemqueilagrantem</span> 
     </span>
     <span class='ocr_line' id='line_1_21' title="bbox 234 2291 1008 2371; baseline 0.005 -23"><span class='ocrx_word' id='word_1_129' title='bbox 234 2292 379 2350; x_wconf 86' lang='lat' dir='ltr'>Excutere</span> <span class='ocrx_word' id='word_1_130' title='bbox 394 2301 424 2349; x_wconf 90' lang='lat' dir='ltr'>et</span> <span class='ocrx_word' id='word_1_131' title='bbox 438 2301 558 2350; x_wconf 87' lang='lat' dir='ltr'>sanctos</span> <span class='ocrx_word' id='word_1_132' title='bbox 573 2291 755 2370; x_wconf 85' lang='lat' dir='ltr'>restinguere</span> <span class='ocrx_word' id='word_1_133' title='bbox 770 2292 901 2352; x_wconf 87' lang='lat' dir='ltr'>fontibus</span> <span class='ocrx_word' id='word_1_134' title='bbox 917 2291 1008 2371; x_wconf 86' lang='lat' dir='ltr'>ignes.</span> 
     </span>
     <span class='ocr_line' id='line_1_22' title="bbox 236 2384 928 2462; baseline 0.001 -19"><span class='ocrx_word' id='word_1_135' title='bbox 236 2388 275 2445; x_wconf 94' lang='lat' dir='ltr'>At</span> <span class='ocrx_word' id='word_1_136' title='bbox 289 2395 373 2462; x_wconf 88' lang='lat' dir='ltr'>pater</span> <span class='ocrx_word' id='word_1_137' title='bbox 387 2384 534 2445; x_wconf 90' lang='lat' dir='ltr'>Anchises</span> <span class='ocrx_word' id='word_1_138' title='bbox 548 2386 652 2445; x_wconf 89' lang='lat' dir='ltr'>oculos</span> <span class='ocrx_word' id='word_1_139' title='bbox 666 2386 706 2444; x_wconf 85' lang='lat' dir='ltr'>ad</span> <span class='ocrx_word' id='word_1_140' title='bbox 720 2386 819 2445; x_wconf 84' lang='lat' dir='ltr'>sidera</span> <span class='ocrx_word' id='word_1_141' title='bbox 834 2387 928 2444; x_wconf 89' lang='lat' dir='ltr'>laetus</span> 
     </span>
     <span class='ocr_line' id='line_1_23' title="bbox 235 2478 958 2555; baseline 0.001 -19"><span class='ocrx_word' id='word_1_142' title='bbox 235 2478 354 2550; x_wconf 86' lang='lat' dir='ltr'>Extulit,</span> <span class='ocrx_word' id='word_1_143' title='bbox 370 2488 400 2537; x_wconf 89' lang='lat' dir='ltr'>et</span> <span class='ocrx_word' id='word_1_144' title='bbox 414 2479 498 2537; x_wconf 90' lang='lat' dir='ltr'>coelo</span> <span class='ocrx_word' id='word_1_145' title='bbox 513 2479 627 2555; x_wconf 88' lang='lat' dir='ltr'>palmas</span> <span class='ocrx_word' id='word_1_146' title='bbox 642 2497 710 2538; x_wconf 91' lang='lat' dir='ltr'>cum</span> <span class='ocrx_word' id='word_1_147' title='bbox 724 2482 798 2538; x_wconf 81' lang='lat' dir='ltr'>&#39;voce</span> <span class='ocrx_word' id='word_1_148' title='bbox 813 2478 958 2537; x_wconf 87' lang='lat' dir='ltr'>tetendit:</span> 
     </span>
     <span class='ocr_line' id='line_1_24' title="bbox 232 2569 1008 2649; baseline -0.001 -19"><span class='ocrx_word' id='word_1_149' title='bbox 232 2571 368 2649; x_wconf 87' lang='lat' dir='ltr'>Juppiter</span> <span class='ocrx_word' id='word_1_150' title='bbox 382 2570 579 2648; x_wconf 85' lang='lat' dir='ltr'>omnipotens,</span> <span class='ocrx_word' id='word_1_151' title='bbox 595 2572 735 2648; x_wconf 86' lang='lat' dir='ltr'>precibus</span> <span class='ocrx_word' id='word_1_152' title='bbox 748 2572 775 2631; x_wconf 90' lang='lat' dir='ltr'>si</span> <span class='ocrx_word' id='word_1_153' title='bbox 789 2571 916 2630; x_wconf 90' lang='lat' dir='ltr'>flecteris</span> <span class='ocrx_word' id='word_1_154' title='bbox 931 2569 1008 2643; x_wconf 62' lang='lat' dir='ltr'>ullis</span> 
     </span>
     <span class='ocr_line' id='line_1_25' title="bbox 236 2665 1079 2741; baseline -0.001 -18"><span class='ocrx_word' id='word_1_155' title='bbox 236 2665 368 2741; x_wconf 90' lang='lat' dir='ltr'>Adspice</span> <span class='ocrx_word' id='word_1_156' title='bbox 382 2683 457 2738; x_wconf 87' lang='lat' dir='ltr'>nos;</span> <span class='ocrx_word' id='word_1_157' title='bbox 478 2666 535 2723; x_wconf 91' lang='lat' dir='ltr'>hoc</span> <span class='ocrx_word' id='word_1_158' title='bbox 550 2675 684 2739; x_wconf 83' lang='lat' dir='ltr'>tantum3</span> <span class='ocrx_word' id='word_1_159' title='bbox 705 2674 743 2738; x_wconf 90' lang='lat' dir='ltr'>et,</span> <span class='ocrx_word' id='word_1_160' title='bbox 760 2665 784 2724; x_wconf 92' lang='lat' dir='ltr'>si</span> <span class='ocrx_word' id='word_1_161' title='bbox 799 2665 908 2741; x_wconf 85' lang='lat' dir='ltr'>pietate</span> <span class='ocrx_word' id='word_1_162' title='bbox 923 2680 1079 2737; x_wconf 84' lang='lat' dir='ltr'>meremur,</span> 
     </span>
     <span class='ocr_line' id='line_1_26' title="bbox 235 2757 1092 2833; baseline -0.001 -15"><span class='ocrx_word' id='word_1_163' title='bbox 235 2760 283 2817; x_wconf 90' lang='lat' dir='ltr'>Da</span> <span class='ocrx_word' id='word_1_164' title='bbox 296 2758 405 2818; x_wconf 91' lang='lat' dir='ltr'>deinde</span> <span class='ocrx_word' id='word_1_165' title='bbox 420 2757 568 2831; x_wconf 85' lang='lat' dir='ltr'>auxilium,</span> <span class='ocrx_word' id='word_1_166' title='bbox 583 2768 676 2833; x_wconf 90' lang='lat' dir='ltr'>pater,</span> <span class='ocrx_word' id='word_1_167' title='bbox 692 2768 782 2833; x_wconf 88' lang='lat' dir='ltr'>atque</span> <span class='ocrx_word' id='word_1_168' title='bbox 796 2760 870 2817; x_wconf 88' lang='lat' dir='ltr'>haec</span> <span class='ocrx_word' id='word_1_169' title='bbox 885 2758 985 2818; x_wconf 89' lang='lat' dir='ltr'>omina</span> <span class='ocrx_word' id='word_1_170' title='bbox 998 2758 1092 2817; x_wconf 88' lang='lat' dir='ltr'>firma.</span> 
     </span>
     <span class='ocr_line' id='line_1_27' title="bbox 233 2851 1021 2935; baseline 0.003 -26"><span class='ocrx_word' id='word_1_171' title='bbox 233 2853 292 2910; x_wconf 90' lang='lat' dir='ltr'>Vix</span> <span class='ocrx_word' id='word_1_172' title='bbox 305 2871 341 2911; x_wconf 89' lang='lat' dir='ltr'>ea</span> <span class='ocrx_word' id='word_1_173' title='bbox 354 2852 431 2910; x_wconf 85' lang='lat' dir='ltr'>satus</span> <span class='ocrx_word' id='word_1_174' title='bbox 445 2860 508 2909; x_wconf 84' lang='lat' dir='ltr'>erat</span> <span class='ocrx_word' id='word_1_175' title='bbox 522 2851 628 2924; x_wconf 90' lang='lat' dir='ltr'>senior,</span> <span class='ocrx_word' id='word_1_176' title='bbox 645 2851 802 2927; x_wconf 88' lang='lat' dir='ltr'>subitoque</span> <span class='ocrx_word' id='word_1_177' title='bbox 817 2853 931 2929; x_wconf 85' lang='lat' dir='ltr'>fragore</span> <span class='ocrx_word' id='word_1_178' title='bbox 1018 2925 1021 2935; x_wconf 36' lang='grc' dir='ltr'>Ι</span> 
     </span>
     <span class='ocr_line' id='line_1_28' title="bbox 235 2944 1002 3028; baseline 0.003 -25"><span class='ocrx_word' id='word_1_179' title='bbox 235 2946 370 3004; x_wconf 92' lang='lat' dir='ltr'>Intonuit</span> <span class='ocrx_word' id='word_1_180' title='bbox 384 2946 508 3016; x_wconf 88' lang='lat' dir='ltr'>laevum,</span> <span class='ocrx_word' id='word_1_181' title='bbox 524 2954 558 3028; x_wconf 85' lang='lat' dir='ltr'>et¹</span> <span class='ocrx_word' id='word_1_182' title='bbox 568 2944 606 3002; x_wconf 86' lang='lat' dir='ltr'>de</span> <span class='ocrx_word' id='word_1_183' title='bbox 620 2945 705 3003; x_wconf 87' lang='lat' dir='ltr'>coelo</span> <span class='ocrx_word' id='word_1_184' title='bbox 719 2946 803 3021; x_wconf 81' lang='lat' dir='ltr'>lapsa</span> <span class='ocrx_word' id='word_1_185' title='bbox 816 2964 870 3022; x_wconf 91' lang='lat' dir='ltr'>per</span> <span class='ocrx_word' id='word_1_186' title='bbox 883 2946 1002 3005; x_wconf 85' lang='lat' dir='ltr'>umbras</span> 
     </span>
     <span class='ocr_line' id='line_1_29' title="bbox 233 3038 977 3099; baseline 0 -2"><span class='ocrx_word' id='word_1_187' title='bbox 233 3038 324 3097; x_wconf 88' lang='lat' dir='ltr'>Stella</span> <span class='ocrx_word' id='word_1_188' title='bbox 337 3038 432 3096; x_wconf 86' lang='lat' dir='ltr'>facem</span> <span class='ocrx_word' id='word_1_189' title='bbox 446 3038 560 3095; x_wconf 91' lang='lat' dir='ltr'>ducens</span> <span class='ocrx_word' id='word_1_190' title='bbox 574 3038 666 3096; x_wconf 90' lang='lat' dir='ltr'>multa</span> <span class='ocrx_word' id='word_1_191' title='bbox 679 3056 748 3095; x_wconf 92' lang='lat' dir='ltr'>cum</span> <span class='ocrx_word' id='word_1_192' title='bbox 762 3038 829 3096; x_wconf 90' lang='lat' dir='ltr'>luce</span> <span class='ocrx_word' id='word_1_193' title='bbox 842 3039 977 3099; x_wconf 89' lang='lat' dir='ltr'>cucurrit.</span> 
     </span>
     <span class='ocr_line' id='line_1_30' title="bbox 234 3129 966 3205; baseline 0.003 -16"><span class='ocrx_word' id='word_1_194' title='bbox 234 3132 330 3203; x_wconf 90' lang='lat' dir='ltr'>Illam,</span> <span class='ocrx_word' id='word_1_195' title='bbox 346 3150 462 3189; x_wconf 87' lang='lat' dir='ltr'>summa</span> <span class='ocrx_word' id='word_1_196' title='bbox 476 3148 565 3205; x_wconf 89' lang='lat' dir='ltr'>super</span> <span class='ocrx_word' id='word_1_197' title='bbox 579 3129 730 3189; x_wconf 89' lang='lat' dir='ltr'>labentem</span> <span class='ocrx_word' id='word_1_198' title='bbox 745 3130 873 3190; x_wconf 89' lang='lat' dir='ltr'>culmina</span> <span class='ocrx_word' id='word_1_199' title='bbox 887 3130 966 3205; x_wconf 87' lang='lat' dir='ltr'>tecti,</span> 
     </span>
     <span class='ocr_line' id='line_1_31' title="bbox 235 3223 963 3283; baseline 0 0"><span class='ocrx_word' id='word_1_200' title='bbox 235 3224 390 3283; x_wconf 89' lang='lat' dir='ltr'>Cernimus</span> <span class='ocrx_word' id='word_1_201' title='bbox 406 3224 498 3282; x_wconf 87' lang='lat' dir='ltr'>Idaea</span> <span class='ocrx_word' id='word_1_202' title='bbox 512 3224 621 3281; x_wconf 88' lang='lat' dir='ltr'>claram</span> <span class='ocrx_word' id='word_1_203' title='bbox 635 3241 668 3281; x_wconf 91' lang='lat' dir='ltr'>se</span> <span class='ocrx_word' id='word_1_204' title='bbox 682 3223 810 3283; x_wconf 90' lang='lat' dir='ltr'>condere</span> <span class='ocrx_word' id='word_1_205' title='bbox 825 3224 898 3283; x_wconf 82' lang='lat' dir='ltr'>silva</span> <span class='ocrx_word' id='word_1_206' title='bbox 960 3262 963 3267; x_wconf 90' lang='lat'>·</span> 
     </span>
     <span class='ocr_line' id='line_1_32' title="bbox 235 3316 973 3395; baseline 0.003 -20"><span class='ocrx_word' id='word_1_207' title='bbox 235 3317 466 3395; x_wconf 86' lang='lat' dir='ltr'>Signantemqne</span> <span class='ocrx_word' id='word_1_208' title='bbox 480 3316 563 3389; x_wconf 79' lang='lat' dir='ltr'>vias3</span> <span class='ocrx_word' id='word_1_209' title='bbox 584 3325 646 3374; x_wconf 91' lang='lat' dir='ltr'>tum</span> <span class='ocrx_word' id='word_1_210' title='bbox 660 3316 751 3395; x_wconf 87' lang='lat' dir='ltr'>longo</span> <span class='ocrx_word' id='word_1_211' title='bbox 766 3316 858 3375; x_wconf 89' lang='lat' dir='ltr'>limite</span> <span class='ocrx_word' id='word_1_212' title='bbox 873 3317 973 3377; x_wconf 90' lang='lat' dir='ltr'>sulcus</span> 
     </span>
     <span class='ocr_line' id='line_1_33' title="bbox 235 3408 998 3482; baseline 0.004 -15"><span class='ocrx_word' id='word_1_213' title='bbox 235 3411 296 3468; x_wconf 85' lang='lat' dir='ltr'>Dat</span> <span class='ocrx_word' id='word_1_214' title='bbox 309 3410 414 3482; x_wconf 91' lang='lat' dir='ltr'>lucem,</span> <span class='ocrx_word' id='word_1_215' title='bbox 430 3419 460 3469; x_wconf 94' lang='lat' dir='ltr'>et</span> <span class='ocrx_word' id='word_1_216' title='bbox 474 3409 533 3467; x_wconf 90' lang='lat' dir='ltr'>late</span> <span class='ocrx_word' id='word_1_217' title='bbox 547 3408 657 3467; x_wconf 90' lang='lat' dir='ltr'>circum</span> <span class='ocrx_word' id='word_1_218' title='bbox 672 3409 739 3468; x_wconf 86' lang='lat' dir='ltr'>loca</span> <span class='ocrx_word' id='word_1_219' title='bbox 752 3408 862 3469; x_wconf 85' lang='lat' dir='ltr'>sulfure</span> <span class='ocrx_word' id='word_1_220' title='bbox 876 3410 998 3470; x_wconf 82' lang='lat' dir='ltr'>firmant.</span> 
     </span>
     <span class='ocr_line' id='line_1_34' title="bbox 235 3502 918 3581; baseline 0.003 -20"><span class='ocrx_word' id='word_1_221' title='bbox 235 3504 297 3562; x_wconf 90' lang='lat' dir='ltr'>Hic</span> <span class='ocrx_word' id='word_1_222' title='bbox 310 3520 381 3561; x_wconf 89' lang='lat' dir='ltr'>vero</span> <span class='ocrx_word' id='word_1_223' title='bbox 395 3502 489 3561; x_wconf 87' lang='lat' dir='ltr'>victus</span> <span class='ocrx_word' id='word_1_224' title='bbox 502 3502 619 3581; x_wconf 87' lang='lat' dir='ltr'>genitor</span> <span class='ocrx_word' id='word_1_225' title='bbox 632 3521 666 3562; x_wconf 89' lang='lat' dir='ltr'>se</span> <span class='ocrx_word' id='word_1_226' title='bbox 680 3502 758 3562; x_wconf 92' lang='lat' dir='ltr'>tollit</span> <span class='ocrx_word' id='word_1_227' title='bbox 771 3502 810 3561; x_wconf 90' lang='lat' dir='ltr'>ad</span> <span class='ocrx_word' id='word_1_228' title='bbox 824 3522 918 3578; x_wconf 86' lang='lat' dir='ltr'>auras,</span> 
     </span>
     <span class='ocr_line' id='line_1_35' title="bbox 234 3595 1209 3671; baseline 0.006 -19"><span class='ocrx_word' id='word_1_229' title='bbox 234 3596 408 3671; x_wconf 83' lang='lat' dir='ltr'>Affaturque</span> <span class='ocrx_word' id='word_1_230' title='bbox 423 3596 497 3655; x_wconf 91' lang='lat' dir='ltr'>deos</span> <span class='ocrx_word' id='word_1_231' title='bbox 511 3606 542 3655; x_wconf 91' lang='lat' dir='ltr'>et</span> <span class='ocrx_word' id='word_1_232' title='bbox 556 3604 692 3655; x_wconf 91' lang='lat' dir='ltr'>sanctum</span> <span class='ocrx_word' id='word_1_233' title='bbox 706 3595 789 3654; x_wconf 79' lang='lat' dir='ltr'>s&#39;idus</span> <span class='ocrx_word' id='word_1_234' title='bbox 804 3596 925 3656; x_wconf 89' lang='lat' dir='ltr'>adorat:</span> <span class='ocrx_word' id='word_1_235' title='bbox 1174 3618 1209 3658; x_wconf 68' lang='lat'>⁷00</span> 
     </span>
     <span class='ocr_line' id='line_1_36' title="bbox 233 3687 1181 3766; baseline 0 -21"><span class='ocrx_word' id='word_1_236' title='bbox 233 3689 300 3763; x_wconf 90' lang='lat' dir='ltr'>Jam</span> <span class='ocrx_word' id='word_1_237' title='bbox 319 3690 380 3763; x_wconf 85' lang='lat' dir='ltr'>jam</span> <span class='ocrx_word' id='word_1_238' title='bbox 395 3689 477 3747; x_wconf 93' lang='lat' dir='ltr'>nulla</span> <span class='ocrx_word' id='word_1_239' title='bbox 490 3708 574 3747; x_wconf 91' lang='lat' dir='ltr'>mora</span> <span class='ocrx_word' id='word_1_240' title='bbox 587 3699 652 3762; x_wconf 72' lang='lat' dir='ltr'>est,</span> <span class='ocrx_word' id='word_1_241' title='bbox 673 3706 790 3763; x_wconf 89' lang='lat' dir='ltr'>sequor,</span> <span class='ocrx_word' id='word_1_242' title='bbox 806 3698 845 3762; x_wconf 92' lang='lat' dir='ltr'>et,</span> <span class='ocrx_word' id='word_1_243' title='bbox 862 3708 921 3766; x_wconf 87' lang='lat' dir='ltr'>qua</span> <span class='ocrx_word' id='word_1_244' title='bbox 934 3687 1051 3763; x_wconf 85' lang='lat' dir='ltr'>ducitis,</span> <span class='ocrx_word' id='word_1_245' title='bbox 1066 3687 1181 3749; x_wconf 87' lang='lat' dir='ltr'>adsum.</span> 
     </span>
     <span class='ocr_line' id='line_1_37' title="bbox 235 3780 1099 3861; baseline 0.006 -24"><span class='ocrx_word' id='word_1_246' title='bbox 235 3780 275 3838; x_wconf 92' lang='lat' dir='ltr'>Di</span> <span class='ocrx_word' id='word_1_247' title='bbox 288 3781 385 3857; x_wconf 86' lang='lat' dir='ltr'>patrii,</span> <span class='ocrx_word' id='word_1_248' title='bbox 400 3792 515 3843; x_wconf 85' lang='lat' dir='ltr'>servate</span> <span class='ocrx_word' id='word_1_249' title='bbox 529 3782 658 3860; x_wconf 86' lang='lat' dir='ltr'>domum,</span> <span class='ocrx_word' id='word_1_250' title='bbox 674 3790 790 3841; x_wconf 88' lang='lat' dir='ltr'>servate</span> <span class='ocrx_word' id='word_1_251' title='bbox 804 3792 952 3861; x_wconf 92' lang='lat' dir='ltr'>nepotem.</span> <span class='ocrx_word' id='word_1_252' title='bbox 1047 3806 1053 3811; x_wconf 92' lang='lat'><em>·</em></span> <span class='ocrx_word' id='word_1_253' title='bbox 1092 3808 1099 3812; x_wconf 91' lang='lat'>·</span> 
     </span>
    </p>
   </div>
   <div class='ocr_carea' id='block_1_3' title="bbox 0 0 1516 4700">
    <p class='ocr_par' dir='ltr' id='par_1_3' title="bbox 0 0 1516 4700">
     <span class='ocr_line' id='line_1_38' title="bbox 0 0 1516 4700; baseline 0 0"><span class='ocrx_word' id='word_1_254' title='bbox 0 0 1516 4700; x_wconf 95' lang='lat' dir='ltr'> </span> 
     </span>
    </p>
   </div>
  </div>
 </body>
</html>
