3017 4700
587 379 745 424 AENEIDOS
766 380 824 424 LIB.
844 380 883 423 IV.

252 527 367 604 Cuique
381 524 440 587 loci
455 526 535 603 leges
549 525 694 600 dedimus,
709 523 860 586 connubia
874 535 975 586 nostra

251 619 372 696 Repulit
386 637 421 678 ac
435 617 587 678 dominum
604 621 729 678 Aenean
742 617 773 676 in
788 637 880 698 regna
894 617 1011 696 recepit.

252 715 290 771 Et
303 731 382 772 nunc
398 712 448 772 ille
464 712 545 770 Paris
559 731 628 772 cum
642 711 778 772 semiviro
793 711 943 786 comitatu,

251 806 392 865 Maeonia
405 816 538 865 mentum
553 806 639 864 mitra
652 805 823 882 crinemque
838 805 1008 864 madentem

252 899 416 972 Subnexus,
431 908 516 975 rapto
531 899 660 975 potitur:
680 917 736 958 nos
751 917 873 958 munera
887 898 1004 976 templis

251 991 371 1068 Quippe
385 991 443 1051 tuis
458 991 585 1064 serimus,
601 992 770 1068 famamque
785 992 917 1051 fovemus
932 992 1087 1076 inanem„

291 1084 415 1143 Talibus
430 1094 563 1144 orantem
578 1083 665 1143 dictis
678 1103 802 1161 arasque
817 1094 967 1144 tenentem

251 1167 354 1236 Audiit
369 1177 567 1253 omnipotens,
583 1178 745 1253 oculosque
759 1177 798 1238 ad
813 1177 931 1238 moenia
945 1177 1030 1239 torsit

252 1270 347 1347 Regia
362 1279 391 1330 et
405 1269 516 1329 oblitos
530 1271 626 1328 famae
640 1269 771 1330 melioris
785 1281 927 1336 amantes.

251 1365 328 1422 Tum
344 1362 385 1422 sic
401 1361 581 1422 Mercurium
596 1361 755 1439 alloquitur
769 1382 804 1423 ac
818 1363 888 1423 talia
901 1363 1041 1424 mandat:

252 1457 338 1517 Vade
353 1475 415 1533 age,
432 1466 509 1530 nate,
525 1475 602 1516 voca
615 1457 766 1534 Zephyros
780 1467 811 1516 et
824 1458 923 1517 labere
937 1457 1052 1536 pennis,

253 1549 496 1625 Dardaniumque
511 1550 626 1623 ducem,
642 1550 732 1629 Tyria
746 1551 931 1630 Karthagine
946 1552 997 1630 qui
1011 1570 1091 1614 nunc

253 1645 423 1719 Exspectat,
438 1642 565 1719 fatisque
580 1643 664 1702 datas
679 1662 740 1702 non
754 1643 873 1720 respicit
888 1647 986 1720 urbes,

253 1737 414 1812 Alloquere
429 1745 459 1794 et
473 1737 584 1796 celeres
599 1736 680 1796 deser
694 1755 761 1796 mea
775 1736 855 1796 dicta
869 1757 922 1814 per
937 1758 1029 1799 auras

253 1831 323 1888 Non
338 1828 420 1886 illurn
434 1829 522 1890 nobis
535 1828 667 1906 genetrix
680 1829 876 1905 pulcherrima
890 1831 980 1890 talem
1067 1889 1070 1894 .

253 1921 390 1982 Promisit
404 1921 585 1996 Graiumque
599 1921 669 1980 ideo
683 1920 729 1980 bis
743 1921 873 1981 vindicat
888 1923 976 1984 annis
988 1946 997 2000 3

176 2003 179 2010 ¹
253 2017 313 2076 Sed
328 2015 399 2089 fore,
415 2014 466 2091 qui
479 2015 630 2091 gravidam
644 2013 774 2090 imperiis
789 2015 928 2092 belloque
943 2017 1117 2084 frementem

254 2108 371 2169 Italiam
385 2117 507 2185 regeret,
521 2126 616 2186 genus
631 2108 691 2166 alto
705 2125 724 2165 a
737 2107 880 2186 sanguine
894 2109 1002 2168 Teucri
1099 2178 1103 2185 ‚

253 2203 403 2276 Proderet,
419 2219 455 2260 ac
469 2210 565 2260 toturn
579 2200 729 2279 sub-leges
743 2199 870 2260 mitteret
885 2203 996 2262 orbern.

253 2294 283 2356 si
298 2296 378 2355 nulla
391 2293 528 2355 accendit
542 2303 689 2353 tantarum
702 2293 796 2371 gloria
810 2313 906 2355 rerum

254 2392 318 2449 Nec
333 2408 421 2466 super
434 2387 498 2466 ipse
512 2408 566 2447 sua
578 2386 699 2447 molitur
713 2387 801 2448 laude
816 2389 957 2463 laborem,

254 2482 423 2542 Ascanione
437 2492 521 2559 pater
536 2484 689 2541 Romanas
703 2480 817 2544 invidet
832 2485 933 2543 arces?

254 2574 334 2650 Quid
348 2574 452 2637 struit?
473 2585 522 2635 aut
537 2594 596 2652 qua
610 2594 671 2653 spe,
686 2574 808 2637 inimica
822 2577 851 2635 in
867 2586 964 2654 gente,
979 2584 1117 2651 moratur,
1190 2606 1202 2633 ι

254 2671 319 2729 Nec
334 2670 447 2745 prolem
463 2669 628 2728 Ausoniam
642 2679 672 2730 et
686 2669 812 2730 Lavinia
825 2668 944 2747 respicit
957 2672 1046 2729 arva?

254 2761 399 2838 Naviget:
420 2762 495 2821 haec
510 2781 625 2837 summa
639 2772 703 2836 est;
723 2762 773 2823 hic
786 2762 878 2823 nostri
893 2764 1013 2823 nuntius
1027 2774 1100 2825 est0.

295 2856 425 2914 Dixerat.
469 2855 525 2913 Ille
539 2854 629 2931 patris
643 2854 742 2933 magni
757 2876 858 2932 parere
872 2857 996 2933 parabat

256 2947 406 3026 Imperi03
426 2956 456 3005 et
469 2946 595 3023 primum
609 2948 736 3024 pedibus
750 2948 853 3008 talaria
867 2949 959 3010 nectit

255 3044 362 3114 Aurea,
378 3058 454 3115 quae
469 3039 625 3099 sublimem
638 3038 693 3099 alis
708 3039 769 3099 sive
784 3060 913 3118 aequora
927 3061 1014 3121 supra

255 3136 313 3195 Seu
327 3145 433 3193 terram
447 3130 551 3208 rapido
565 3132 673 3208 pariter
687 3152 754 3192 cum
769 3134 887 3193 flamine
901 3145 1021 3211 portant
1029 3156 1038 3209 3

254 3230 333 3286 Tum
346 3225 457 3301 virgam
471 3224 570 3302 capit,
590 3226 647 3286 hac
661 3225 774 3285 animas
789 3225 838 3285 ille
853 3238 957 3287 evocat
972 3228 1052 3288 Orco

254 3321 412 3393 Pallentes,
429 3318 501 3379 alias
515 3320 570 3378 sub
584 3320 709 3377 Tartara
722 3318 815 3377 tristia
829 3318 940 3393 mittier

254 3417 315 3475 Dat
330 3432 451 3474 somnos
464 3410 636 3488 adimitque,
652 3421 681 3471 et
695 3410 807 3471 lumina
820 3422 915 3472 morte
929 3411 1064 3491 resignat.

254 3509 311 3567 Illa
324 3508 414 3567 fretus
429 3507 488 3584 agit
502 3514 617 3578 ventos
633 3513 664 3564 et
677 3503 795 3563 turbida
808 3515 904 3565 tranat

254 3599 386 3676 Nubila;
404 3602 526 3677 jamque
540 3598 644 3657 volans
659 3596 773 3674 apicem
788 3608 817 3658 et
831 3600 923 3658 latera
937 3599 1028 3660 ardua
1041 3598 1134 3661 cernit

149 3729 151 3731 ν
255 3694 384 3753 Atlantis
398 3692 472 3765 duri,
488 3691 605 3752 coelum
621 3689 672 3766 qui
686 3689 794 3749 vertice
808 3690 899 3766 fulcit,

257 3785 394 3861 Atlantis,
409 3786 538 3845 cinctum
552 3781 677 3845 adsidue
691 3782 739 3843 cui
752 3783 883 3845 nubibus
897 3782 965 3846 atn's
