3017 4700
535 413 742 459 METAMORPH.
766 415 824 458 LIB.
847 415 874 457 V.

220 559 401 621 Trinacriam
416 570 484 620 ante
498 560 578 634 alias,
593 560 625 620 in
640 560 699 638 qda
711 560 834 638 vestigia
848 559 949 620 damni

220 655 350 732 Reperit.
395 656 473 730 Ergo
488 653 547 713 illic
562 673 650 714 saeva
663 653 806 715 vertentia
819 655 921 731 glebas

220 747 316 826 Fregit
332 758 427 807 aratra
441 767 539 820 manu,
554 746 697 824 parilique
712 747 785 809 irata
798 749 922 808 colonos

220 842 433 917 Ruricolasque
448 841 540 900 boves
555 841 615 901 leto
630 839 720 914 dedit,
737 859 864 916 arvaque
876 838 963 917 jussit

220 936 333 994 Fallere
349 933 525 1010 depositum,
542 933 701 1009 vitiataque
717 933 830 992 semina
843 933 919 992 fecit

220 1027 364 1088 Fertilitas
380 1037 481 1100 terrae,
498 1028 590 1085 latum
606 1027 724 1104 vulgata
738 1046 791 1103 per
804 1028 916 1099 orbern,

220 1123 313 1181 Cassa
324 1123 405 1197 jacet
417 1143 422 1179 :
434 1120 544 1197 primis
560 1131 674 1197 segetes
690 1119 854 1179 moriuntur
867 1119 897 1177 in
912 1119 1020 1192 herbiS,

220 1217 258 1274 Et
271 1215 362 1292 modo¹
378 1215 421 1273 sol
436 1213 550 1287 nimius,
567 1213 674 1277 nimius
691 1213 783 1296 modo
798 1211 917 1289 corripit
931 1211 1045 1288 imber,-

219 1306 379 1383 Sideraque
392 1307 531 1383 ventique
546 1317 663 1381 nocent,
681 1306 845 1382 avidaeque
859 1306 993 1365 volucres

219 1399 338 1460 Semina
349 1402 430 1476 jacta
443 1401 562 1477 legunt,
582 1400 685 1459 lolium
700 1399 858 1476 tribulique
872 1398 995 1476 fatigant

219 1492 363 1553 Triticeas
379 1512 489 1552 messes
503 1504 533 1552 et
547 1493 775 1570 inexpugnabile
789 1504 918 1570 gramen.

219 1589 297 1645 Tum
311 1597 400 1664 caput
415 1585 494 1646 Eleis
508 1587 650 1664 Alpheias
666 1587 770 1647 extulit
783 1585 880 1660 undis,

220 1682 426 1756 Rorantesque
441 1699 541 1738 comas
555 1699 573 1740 a
587 1681 682 1740 fronte
696 1679 821 1740 removit
836 1680 873 1739 ad
889 1699 982 1752 aures,

219 1775 319 1849 Atque
334 1772 391 1833 ait:
414 1775 441 1834 Ο
456 1783 520 1833 toto
535 1775 685 1850 quaesitae
699 1773 818 1850 virginis
832 1775 904 1833 orbe

221 1868 259 1924 Et
273 1867 387 1942 frugum
401 1867 534 1942 genitrix,
550 1866 711 1926 immensos
727 1867 796 1926 siste
811 1867 936 1940 laboreS,

221 1961 305 2018 Neve
319 1958 373 2018 tibi
387 1959 464 2019 fidae
478 1960 608 2019 violenta
621 1959 745 2020 irascere
761 1970 861 2019 terrae.

219 2054 311 2111 Terra
324 2052 397 2110 nihil
411 2051 523 2126 meruit,
539 2052 693 2129 patuitque
708 2052 800 2136 invita
813 2051 940 2129 rapinae.

221 2147 287 2204 Nec
301 2165 367 2205 sum
381 2164 434 2222 pro
449 2145 542 2222 patria
557 2147 700 2223 supplex:
720 2146 779 2204 huc
793 2146 912 2221 hospita
925 2143 1010 2204 veni:

220 2238 290 2298 Pisa
304 2239 375 2297 mihi
389 2239 483 2316 patria
497 2249 549 2313 est,
566 2250 596 2298 et
610 2241 648 2298 ab
664 2240 749 2299 Elide
766 2239 901 2298 ducimus
916 2248 1015 2312 ortus;

222 2331 369 2393 Sicaniam
384 2331 538 2411 peregrina
551 2333 626 2407 coln,
643 2333 696 2393 sed
710 2332 819 2409 gratior
832 2332 914 2392 omni

221 2428 308 2486 Haec
323 2426 394 2485 mihi
409 2438 484 2485 terra
498 2427 562 2485 solo
578 2436 641 2486 est:
663 2427 718 2485 hos
733 2444 813 2485 nunc
827 2426 975 2485 Arethusa
988 2435 1119 2502 penates,

221 2522 311 2579 Hanc
326 2521 423 2579 habeo
438 2520 548 2592 sedem,
565 2538 654 2595 quam
669 2529 708 2593 tu,
724 2518 886 2591 mitissima,
902 2538 993 2578 serva

221 2614 308 2672 Mota
322 2614 390 2673 loco
405 2632 457 2672 cur
472 2612 526 2672 sim
541 2612 674 2688 tantique
689 2631 742 2689 per
755 2611 892 2689 aequoris
906 2612 1001 2671 undas

221 2706 361 2765 Advehar
375 2706 536 2784 Ortygiam,
553 2706 652 2765 veniet
666 2704 830 2765 narratibus
844 2706 918 2763 hora

220 2798 410 2875 Tempestiva
423 2800 516 2873 meis3
537 2819 628 2875 quum
642 2808 674 2859 tu
689 2798 824 2875 curisque
838 2799 935 2858 levata

221 2893 261 2951 Et
273 2892 369 2953 vultus
384 2891 512 2951 melioris
528 2892 591 2951 eris
636 2891 714 2950 Mihi
728 2891 829 2969 pervia
842 2892 928 2951 tellus

221 2986 347 3044 Praebet
360 2984 422 3059 iter,
440 2986 598 3065 subterque
612 2985 686 3044 imas
701 2986 801 3044 ablata
813 3003 953 3043 cavernas

221 3077 282 3136 Hic
297 3088 385 3155 caput
400 3080 503 3138 attollo
518 3079 698 3155 desuetaque
714 3078 810 3137 sidera
824 3096 921 3137 cerno.

221 3172 307 3247 Ergo,
324 3172 395 3230 dum
411 3170 512 3248 Stygio
527 3172 581 3230 sub
596 3170 679 3243 terris
693 3170 806 3248 gurgite
820 3171 912 3243 labor,

219 3262 293 3322 Visa
309 3274 359 3323 tua
373 3274 418 3323 est
432 3263 525 3323 oculis
540 3263 599 3323 illic
615 3264 791 3340 Proserpina
804 3262 918 3322 nostris.
1004 3295 1008 3300 ·
1077 3269 1081 3276 '

221 3358 277 3415 Illa
291 3356 411 3433 quidem
426 3356 514 3416 tristis
529 3376 584 3425 nec
600 3357 697 3423 adhue
713 3355 843 3415 interrita
855 3356 947 3429 vultu,

219 3449 278 3508 Sed
292 3448 392 3527 regina
406 3460 515 3522 tamen,
531 3450 583 3509 sed
598 3450 685 3525 opaci
699 3448 828 3508 maxima
842 3449 955 3523 mundi,

220 3542 280 3602 Sed
295 3554 395 3601 tamen
409 3542 514 3601 insemi
529 3543 645 3619 pollens
661 3553 798 3601 matrona
811 3541 934 3619 tyranni

260 3637 359 3695 Mater
374 3636 412 3695 ad
427 3634 542 3695 auditas
557 3634 677 3712 stupuit,
693 3653 748 3694 ceu
763 3653 859 3708 saxea,
874 3653 974 3709 voceS,

218 3727 431 3804 Attonitaeque
446 3728 496 3787 diu
511 3727 614 3788 similis
628 3726 689 3787 fuit.
734 3730 844 3805 thue
851 3728 954 3788 dolore

220 3822 308 3881 Pulsa
322 3820 402 3898 gravi
416 3820 511 3898 gravis
526 3831 571 3881 est
585 3820 721 3895 amentia,
738 3821 869 3881 curribus
884 3839 969 3880 auras
