3017 4700
573 415 731 459 AENEIDOS
752 416 809 460 LIB.
830 417 869 460 VI.
1149 425 1203 479 241

236 560 418 639 Jampridem
431 561 510 622 hanc
523 563 638 638 prolem
651 561 741 638 cupio
754 581 926 635 enumerare
940 583 1081 640 meomm,

236 657 306 731 Quo
320 655 413 732 magis
427 654 515 714 Italia
528 672 644 715 mecum
658 654 767 715 laetere
781 668 903 732 reperta.
918 698 920 702 .

177 825 181 829 ‚
237 750 265 810 Ο
280 759 370 826 pater,
386 767 464 808 anne
478 747 593 824 aliquas
607 747 646 806 ad
659 749 776 815 coelum
791 748 860 810 hinc
874 751 915 824 ire
930 752 1094 828 putandum
1109 763 1153 813 est

237 841 383 902 Sublimes
398 841 520 918 animas,
535 841 700 916 iterumque
715 841 753 900 ad
768 843 851 902 tarda
865 845 969 903 reverti
1169 875 1206 914 720
1299 849 1304 858 ’

236 936 390 1012 Corpora?
425 936 510 1009 Quae
525 934 598 994 lucis
611 933 725 994 miseris
740 945 801 994 tam
815 936 878 996 dira
892 937 1021 1013 cupido?

235 1026 342 1087 Dicam
357 1027 504 1104 equidem,
520 1046 576 1090 nec
590 1036 620 1086 te
634 1045 818 1102 suspensum,
835 1040 912 1102 nate,
928 1031 1057 1105 tenebo,

236 1119 365 1197 Suscipit
379 1121 535 1193 Anchises,
552 1132 642 1197 atque
656 1119 760 1181 ordine
776 1121 890 1198 singula
903 1122 1014 1199 pandit.

275 1212 423 1290 Principio
438 1215 554 1273 coelum
569 1233 604 1273 ac
618 1223 710 1273 terras
723 1232 906 1291 camposque
920 1215 1067 1292 liquentes

200 1304 204 1315 ’
235 1307 458 1383 Lucentemque
471 1309 593 1383 globum
606 1308 695 1368 lunae
708 1305 886 1384 Titaniaque
901 1319 978 1368 astra
1169 1341 1205 1379 72⁵

178 1454 182 1463 .
236 1399 361 1476 Spiritus
376 1400 454 1460 intus
468 1400 526 1474 alit,
542 1411 695 1478 totamque
708 1400 806 1461 infusa
819 1419 871 1478 per
885 1413 964 1461 artus

235 1495 325 1552 Mens
338 1493 429 1570 agitat
441 1495 552 1555 molem
565 1504 595 1554 et
609 1513 719 1572 magno
733 1513 765 1554 se
780 1513 902 1571 corpore
916 1494 1027 1558 miscet.

236 1587 312 1646 Inde
326 1586 479 1646 hominum
494 1589 701 1665 pecudumque
714 1607 808 1664 genus
822 1587 959 1664 vitaeque
973 1591 1125 1650 volantum

235 1681 274 1739 Et
288 1698 364 1756 quae
378 1699 543 1740 marmoreo
557 1681 612 1741 fert
626 1692 759 1756 monstra
773 1683 829 1742 sub
844 1701 972 1758 aequore
986 1695 1104 1760 pontus.

235 1775 347 1850 Igneus
361 1783 408 1833 est
422 1774 488 1834 ollis
502 1773 585 1852 vigor
598 1784 628 1834 et
641 1775 779 1834 coelestis
793 1775 875 1852 origo
1168 1806 1206 1844 730

236 1866 414 1939 Seminibus,
430 1877 573 1944 quantum
587 1885 649 1926 nou
662 1867 752 1927 noxia
766 1887 891 1944 corpora
903 1868 1020 1927 tardant

218 1958 416 2035 ⁴'l'errenique
430 1960 573 2019 hebetant
585 1970 665 2020 artus
679 1959 915 2036 moribundaque
930 1962 1070 2020 membra.

190 2038 195 2052 ’
236 2051 319 2111 Hinc
332 2054 467 2111 metuunt
481 2051 670 2128 cupiuntque,
686 2053 789 2112 dolent
802 2055 999 2130 gaudentque,
1012 2072 1108 2130 neque
1120 2073 1204 2115 auras

93 2193 98 2201 .
191 2176 193 2181 ·
235 2131 408 2222 Dispiciunt
421 2147 540 2206 clausae
556 2146 686 2205 tenebris
700 2156 731 2206 et
744 2164 860 2206 carcere
875 2166 973 2206 caeco.

235 2237 316 2311 Quin
331 2248 361 2297 et
375 2255 513 2314 supremo
528 2257 620 2314 quum
633 2237 744 2298 lumine
758 2239 819 2299 vita
832 2239 956 2315 reliquit,
1168 2269 1204 2308 ⁷³⁵

129 2390 131 2395 .
195 2368 201 2381 ·
219 2333 307 2392 ‘Non
321 2341 419 2392 tamen
434 2349 523 2391 omne
539 2331 649 2391 malum
662 2331 776 2392 miseris
790 2353 847 2393 nec
860 2333 992 2393 funditus
1007 2353 1111 2395 omnes

235 2427 405 2502 Corporeae
420 2426 568 2485 excedunt
581 2436 688 2503 pestes,
704 2426 880 2503 penitusque
894 2446 1016 2488 necesse
1031 2439 1076 2488 est

199 2529 203 2539 ⁴
235 2518 333 2580 Multa
346 2518 397 2578 diu
411 2529 551 2579 concreta
563 2519 661 2581 modis
675 2519 837 2579 inolescere
851 2521 952 2600 miris,

127 2607 135 2695 J
151 2635 154 2640 ⁴
235 2613 314 2690 Ergo
328 2623 501 2673 exercentur
513 2612 626 2690 poenis,
641 2624 833 2691 veterumque
847 2600 991 2675 malor'um

99 2704 102 2711 “
175 2739 179 2746 ·
235 2705 386 2782 Supplicia
400 2707 589 2801 expendunt:
609 2708 684 2767 aliae
699 2708 868 2784 panduntur
881 2707 984 2767 inanes
1169 2726 1226 2779 740·

134 2838 139 2845 -
234 2800 400 2876 Suspensae
413 2801 453 2859 'ad
467 2811 572 2859 ventos
584 2822 593 2875 ;
613 2800 678 2861 aliis
693 2802 747 2860 sub
762 2802 875 2878 gurgite
889 2812 973 2861 vasto
1026 2818 1028 2823 ·

233 2893 382 2953 Infectum
396 2892 502 2952 eluitur
514 2893 619 2966 sceluS,
635 2905 686 2953 aut
700 2894 829 2954 exuritur
842 2894 902 2972 igni
913 2917 922 2970 3

233 2985 368 3061 Quisque
383 3004 451 3045 suos
465 2986 592 3063 patimur
605 2988 733 3061 Manes3
753 2986 861 3047 exinde
875 3008 928 3065 per
942 2990 1072 3067 amplum

233 3077 380 3138 Mittimur
394 3079 533 3156 Elysium,
549 3090 579 3139 et
593 3079 680 3156 pauci
693 3081 772 3140 laeta
786 3100 855 3141 arva
868 3092 1024 3159 tenemus;

184 3180 189 3184 ’
232 3171 339 3231 Donec
354 3172 442 3250 longa
456 3172 527 3245 dies,
542 3170 676 3249 perfecto
690 3174 831 3251 temporis
846 3177 926 3250 orbe,
1166 3208 1203 3247 74⁵

233 3264 410 3323 Concretam
424 3264 533 3325 exemit
545 3266 654 3340 labem,
668 3286 835 3344 purumque
848 3268 985 3345 relinquit
1300 3260 1304 3267 ’

232 3344 404 3440 Aetherium
419 3374 539 3418 sensum
553 3370 641 3436 atque
655 3362 737 3420 aurai
751 3361 891 3438 simplicis
905 3362 1011 3439 ignem.

231 3453 299 3510 Has
312 3470 424 3525 omnes,
440 3453 491 3511 uhi
505 3452 585 3513 mille
599 3463 694 3513 rotam
707 3455 826 3513 volvere
840 3474 893 3531 per
906 3474 1008 3530 annos,

230 3546 394 3605 Lethaeum
408 3546 447 3604 ad
461 3546 582 3605 fluvium
596 3547 671 3606 deus
684 3558 789 3607 evocat
803 3548 918 3625 agmine
933 3568 1050 3627 magn0,

229 3636 348 3697 Scilicet
362 3637 548 3698 immemores
562 3658 669 3716 supera
680 3650 714 3699 ut
728 3658 861 3700 convexa
875 3642 1003 3703 revisant
1164 3674 1202 3713 7⁵0

230 3730 343 3790 Rursus
357 3740 388 3790 et
401 3731 544 3807 incipiant
557 3731 588 3791 in
602 3751 726 3809 corpora
738 3735 815 3794 velle
829 3734 941 3795 reverti.

233 3854 235 3856 ·
270 3823 391 3883 Dixerat
406 3819 564 3899 Anchises,
579 3836 741 3904 natumque
755 3846 872 3904 unaque
887 3829 1028 3905 Sibyllam

469 3920 492 3956 16
