3017 4700
328 385 387 446 ²30
640 382 668 424 r.
686 380 821 424 manum
842 381 986 426 morus
1113 421 1117 428 .

301 567 306 575 ·
328 527 390 591 Olli
403 527 445 588 sic
458 527 587 588 breviter
598 527 660 587 lata
673 537 720 587 est
731 529 878 604 longaeva
890 527 1049 588 sacerdos:

327 620 462 682 Anchisa
472 631 620 698 generate,
635 621 726 680 &um
738 619 903 680 certissima
915 621 1024 696 proles,

328 713 434 792 Cocyti
448 724 552 791 stagna
565 714 627 772 alta
637 712 722 772 vides
736 712 931 790 Stygiamque
943 713 1094 790 paludem,

328 806 369 866 Di
383 808 467 884 cujus
479 809 576 883 jurare
589 805 697 866 timent
707 817 741 866 et
751 807 853 866 fallere
867 825 986 866 nornen.

328 897 1303 976 Haecommquamcmnisiuopsinhmnataquetmbaestnzs

328 992 456 1052 Portitor
468 991 519 1050 ille
533 992 655 1052 Charon
666 1013 676 1065 3
695 991 736 1064 bi,
750 1010 827 1067 qnos
839 991 923 1052 vehit
934 993 1024 1065 unda,
1040 993 1156 1069 sepulti,

328 1087 395 1145 Nec
408 1084 487 1162 ripas
500 1085 587 1144 datm
598 1085 762 1144 horrendas
774 1095 806 1144 et
818 1103 907 1144 rauca
919 1085 1031 1146 fluenta

327 1180 540 1255 Transportare
554 1175 644 1254 prim,
659 1195 750 1253 qnam
763 1176 885 1238 sedibus
898 1196 967 1238 ossa
980 1176 1126 1254 quierunt.
1219 1213 1228 1244 a

328 1272 458 1332 Centum
471 1280 570 1330 errant
582 1288 679 1329 annos
691 1269 877 1346 volitantque
890 1271 965 1330 haec
978 1270 1066 1330 litora
1078 1270 1188 1332 circum
1199 1294 1209 1346 3

327 1366 406 1422 Tum
420 1364 541 1422 demum
555 1362 676 1422 admissi
689 1373 796 1441 stagna
808 1373 948 1440 exoptata
963 1362 1100 1424 revisunt

329 1455 471 1517 Constitit
483 1454 617 1515 Anchisa
629 1465 710 1514 satus
723 1467 754 1515 et
766 1455 890 1533 vestigia
902 1456 1016 1533 pressit,

329 1550 427 1609 Multa
439 1558 556 1625 putans,
572 1560 741 1625 sortemque
753 1548 855 1609 animo
868 1549 1022 1610 miseratus
1035 1548 1175 1626 iniquam

330 1642 434 1703 Cernit
446 1640 488 1700 ibi
501 1651 630 1700 maestos
644 1652 675 1701 et
686 1641 792 1702 mortis
805 1643 919 1702 honore
932 1652 1067 1704 carentes

329 1733 507 1811 leucaspim
520 1744 552 1794 et
564 1734 674 1811 Lyciae
687 1735 841 1794 ductorem
854 1735 957 1796 classis
971 1736 1117 1808 Oronten,
1188 1751 1191 1764 ·

329 1828 415 1903 Quos
428 1826 524 1901 simul,
539 1847 559 1886 a
570 1829 663 1904 Troja
674 1837 801 1888 ventosa
810 1847 867 1904 per
880 1845 1010 1904 aequora
1022 1838 1135 1902 vectos,

329 1919 437 1981 Obruit
452 1922 568 1994 Auster,
583 1939 662 1997 aqua
674 1920 829 1980 involvens
843 1939 1009 1996 navemque
1023 1920 1169 1998 virosque.
1205 1917 1207 1922 ’

370 2015 449 2073 Fece
462 2014 643 2092 guberuator
655 2031 720 2074 sese
734 2012 890 2074 Palinurus
904 2015 1019 2090 agebat,

330 2106 390 2183 Qui
405 2105 518 2186 Libyco
531 2125 627 2183 nuper
639 2124 733 2179 cursu,
748 2106 822 2166 dum
836 2105 933 2166 sidera
945 2116 1050 2180 servat,

330 2199 488 2259 Exciderat
501 2199 595 2276 puppi
608 2198 715 2259 mediis
727 2199 837 2258 effruus
850 2198 882 2258 in
895 2198 990 2260 undis

331 2295 425 2354 Hunc
438 2292 490 2353 ubi
503 2291 554 2353 vix
564 2292 660 2352 multa
671 2302 819 2353 maestum
832 2291 973 2372 coguovit
986 2291 1017 2353 in
1031 2293 1146 2369 umbra,

329 2385 378 2446 Sic
390 2385 471 2464 prior
484 2385 659 2463 alloquitur:
680 2383 757 2460 Quis
770 2380 810 2459 te,
826 2385 971 2459 Palinure,
986 2386 1110 2447 deorum

331 2478 445 2556 Eripuit
458 2479 554 2553 nobis,
569 2479 729 2555 medioque
743 2480 799 2539 sub
813 2498 941 2555 aequore
954 2478 1075 2539 mersit?

331 2572 390 2632 Dic
404 2590 466 2649 age
507 2574 537 2631 N
539 2590 647 2647 amque
660 2572 743 2645 mibi,
759 2572 848 2631 mllax
860 2572 941 2631 haud
955 2583 1024 2633 ante
1037 2584 1178 2650 repertus,

330 2667 402 2725 Hoc
416 2684 477 2724 uno
490 2681 636 2741 responso
649 2663 781 2724 animum
789 2662 903 2725 delusit
916 2666 1037 2741 Apollo,

330 2756 391 2832 Qui
405 2758 466 2816 sore
481 2767 510 2816 te
524 2767 619 2833 ponto
627 2756 823 2831 incolumem,
838 2757 971 2835 finesque
985 2761 1112 2819 canebat

329 2852 494 2909 Venturum
508 2848 669 2931 Ausonios.
711 2851 760 2909 En
773 2851 848 2911 haec
861 2850 1007 2927 promissa
1019 2851 1095 2911 fides
1108 2854 1173 2913 est?

330 2942 386 3001 Ille
400 2953 518 3001 autem:
539 2943 647 3019 Neque
661 2953 691 3003 te
706 2942 822 3003 Phoebi
836 2942 951 3003 cortina
963 2943 1074 3018 fefellit,

329 3037 399 3094 Dux
414 3034 605 3109 Anchisiade,
620 3054 677 3095 nec
690 3054 740 3095 me
753 3035 828 3095 deus
842 3054 970 3113 aequore
984 3037 1094 3097 mersit

330 3130 468 3204 Namque
481 3130 692 3205 gubernaclum
705 3128 800 3189 multa
812 3127 842 3189 vi
855 3129 930 3189 forte
943 3130 1100 3204 revulsum,

329 3219 386 3281 Cui
400 3221 488 3281 datus
501 3221 664 3281 haerebam
675 3231 776 3283 custos
790 3240 951 3299 cursusque
964 3225 1113 3299 regebam,

327 3306 529 3390 Praecipitem
543 3314 619 3375 traxi
633 3333 760 3375 mecum.
804 3314 902 3375 Maria
915 3334 1018 3392 aspera
1030 3315 1099 3392 juro

329 3409 398 3465 Non
413 3407 506 3466 ullum
520 3427 575 3484 pro
588 3427 636 3467 me
651 3417 767 3469 tantum
781 3407 896 3485 cepisse
910 3407 1054 3483 timorem,

327 3499 426 3575 Quam
441 3510 552 3572 tuane,
568 3498 695 3576 spoliata
706 3499 804 3575 armis,
819 3518 944 3561 excussa
958 3500 1108 3579 magistro,

327 3593 476 3652 Deficeret
489 3591 580 3652 tantis
593 3591 678 3653 naris
691 3592 878 3670 surgentibus
891 3592 988 3655 undis.

327 3687 401 3745 Tres
416 3687 514 3745 Notus
527 3683 666 3745 hibernas
679 3684 826 3746 immensa
839 3705 893 3763 per
906 3704 1036 3763 aequora
1048 3697 1154 3751 noctes

327 3777 416 3839 Vexit
429 3797 477 3839 me
491 3778 638 3839 violentus
651 3797 749 3857 aqua3
766 3778 817 3839 vir
829 3778 939 3841 lumine
954 3790 1060 3858 quarto
