<?xml version="1.0" encoding="UTF-8"?>
<!DOCTYPE html PUBLIC "-//W3C//DTD XHTML 1.0 Transitional//EN"
    "http://www.w3.org/TR/xhtml1/DTD/xhtml1-transitional.dtd">
<html xmlns="http://www.w3.org/1999/xhtml" xml:lang="en" lang="en">
 <head>
  <title>
</title>
<meta http-equiv="Content-Type" content="text/html;charset=utf-8" />
  <meta name='ocr-system' content='tesseract 3.04.00' />
  <meta name='ocr-capabilities' content='ocr_page ocr_carea ocr_par ocr_line ocrx_word'/>
</head>
<body>
  <div class='ocr_page' id='page_1' title='image "./selectionsfromo01virggoog_0223.png"; bbox 0 0 3017 4700; ppageno 0'>
   <div class='ocr_carea' id='block_1_1' title="bbox 241 403 919 567">
    <p class='ocr_par' dir='ltr' id='par_1_1' title="bbox 241 403 919 567">
     <span class='ocr_line' id='line_1_1' title="bbox 241 403 919 557; baseline 0.001 -86"><span class='ocrx_word' id='word_1_1' title='bbox 241 464 270 557; x_wconf 53' lang='lat' dir='ltr'><em>J</em></span> <span class='ocrx_word' id='word_1_2' title='bbox 315 448 339 554; x_wconf 64' lang='lat' dir='ltr'>l·</span> <span class='ocrx_word' id='word_1_3' title='bbox 582 426 741 474; x_wconf 70' lang='lat' dir='ltr'>Aruernos</span> <span class='ocrx_word' id='word_1_4' title='bbox 759 429 819 473; x_wconf 81' lang='lat' dir='ltr'>urn</span> <span class='ocrx_word' id='word_1_5' title='bbox 842 431 869 474; x_wconf 90' lang='lat' dir='ltr'>v.</span> <span class='ocrx_word' id='word_1_6' title='bbox 916 403 919 412; x_wconf 77' lang='grc'><em>’</em></span> 
     </span>
     <span class='ocr_line' id='line_1_2' title="bbox 259 515 382 567; baseline -0.016 -1"><span class='ocrx_word' id='word_1_7' title='bbox 259 515 382 567; x_wconf 66' lang='lat' dir='ltr'>eccm</span> 
     </span>
    </p>
   </div>
   <div class='ocr_carea' id='block_1_2' title="bbox 171 575 1081 3902">
    <p class='ocr_par' dir='ltr' id='par_1_2' title="bbox 171 575 1081 3714">
     <span class='ocr_line' id='line_1_3' title="bbox 241 575 970 653; baseline 0.003 -18"><span class='ocrx_word' id='word_1_8' title='bbox 241 575 319 651; x_wconf 90' lang='lat' dir='ltr'>Quis</span> <span class='ocrx_word' id='word_1_9' title='bbox 333 576 441 636; x_wconf 85' lang='lat' dir='ltr'>innexa</span> <span class='ocrx_word' id='word_1_10' title='bbox 453 575 562 652; x_wconf 89' lang='lat' dir='ltr'>pedem</span> <span class='ocrx_word' id='word_1_11' title='bbox 576 576 656 636; x_wconf 79' lang='lat' dir='ltr'>maio</span> <span class='ocrx_word' id='word_1_12' title='bbox 669 575 821 653; x_wconf 84' lang='lat' dir='ltr'>pendebat</span> <span class='ocrx_word' id='word_1_13' title='bbox 834 576 873 636; x_wconf 93' lang='lat' dir='ltr'>ab</span> <span class='ocrx_word' id='word_1_14' title='bbox 887 577 947 638; x_wconf 85' lang='lat' dir='ltr'>alto</span> <span class='ocrx_word' id='word_1_15' title='bbox 960 598 970 652; x_wconf 99' lang='lat'>3</span> 
     </span>
     <span class='ocr_line' id='line_1_4' title="bbox 243 669 959 748; baseline 0.003 -20"><span class='ocrx_word' id='word_1_16' title='bbox 243 670 301 728; x_wconf 90' lang='lat' dir='ltr'>Illa</span> <span class='ocrx_word' id='word_1_17' title='bbox 315 678 403 730; x_wconf 90' lang='lat' dir='ltr'>notos</span> <span class='ocrx_word' id='word_1_18' title='bbox 417 679 507 746; x_wconf 90' lang='lat' dir='ltr'>atque</span> <span class='ocrx_word' id='word_1_19' title='bbox 521 679 585 728; x_wconf 86' lang='lat' dir='ltr'>atra</span> <span class='ocrx_word' id='word_1_20' title='bbox 595 669 702 729; x_wconf 82' lang='lat' dir='ltr'>uolans</span> <span class='ocrx_word' id='word_1_21' title='bbox 716 669 747 728; x_wconf 91' lang='lat' dir='ltr'>in</span> <span class='ocrx_word' id='word_1_22' title='bbox 762 669 865 730; x_wconf 85' lang='lat' dir='ltr'>nubila</span> <span class='ocrx_word' id='word_1_23' title='bbox 878 669 959 748; x_wconf 86' lang='lat' dir='ltr'>fugit.</span> 
     </span>
     <span class='ocr_line' id='line_1_5' title="bbox 242 761 1009 851; baseline 0.005 -31"><span class='ocrx_word' id='word_1_24' title='bbox 242 761 320 820; x_wconf 88' lang='lat' dir='ltr'>Tum</span> <span class='ocrx_word' id='word_1_25' title='bbox 334 762 462 851; x_wconf 80' lang='lat' dir='ltr'>rapidus,</span> <span class='ocrx_word' id='word_1_26' title='bbox 476 763 651 838; x_wconf 74' lang='lat' dir='ltr'>Jamdudum</span> <span class='ocrx_word' id='word_1_27' title='bbox 665 781 735 822; x_wconf 90' lang='lat' dir='ltr'>arou</span> <span class='ocrx_word' id='word_1_28' title='bbox 748 772 892 824; x_wconf 87' lang='lat' dir='ltr'>contenta</span> <span class='ocrx_word' id='word_1_29' title='bbox 905 772 1009 840; x_wconf 84' lang='lat' dir='ltr'>parato</span> 
     </span>
     <span class='ocr_line' id='line_1_6' title="bbox 242 850 1006 932; baseline 0.003 -19"><span class='ocrx_word' id='word_1_30' title='bbox 242 856 318 914; x_wconf 90' lang='lat' dir='ltr'>Tela</span> <span class='ocrx_word' id='word_1_31' title='bbox 332 850 445 928; x_wconf 85' lang='lat' dir='ltr'>tenens,</span> <span class='ocrx_word' id='word_1_32' title='bbox 461 855 579 914; x_wconf 81' lang='lat' dir='ltr'>fratrem</span> <span class='ocrx_word' id='word_1_33' title='bbox 594 855 738 932; x_wconf 82' lang='lat' dir='ltr'>Eurytion</span> <span class='ocrx_word' id='word_1_34' title='bbox 753 855 784 914; x_wconf 92' lang='lat' dir='ltr'>in</span> <span class='ocrx_word' id='word_1_35' title='bbox 794 865 869 914; x_wconf 49' lang='lat' dir='ltr'>¹vota</span> <span class='ocrx_word' id='word_1_36' title='bbox 882 855 1006 930; x_wconf 88' lang='lat' dir='ltr'>vocavit,</span> 
     </span>
     <span class='ocr_line' id='line_1_7' title="bbox 242 949 950 1025; baseline 0.004 -18"><span class='ocrx_word' id='word_1_37' title='bbox 242 951 310 1024; x_wconf 87' lang='lat' dir='ltr'>Jam</span> <span class='ocrx_word' id='word_1_38' title='bbox 325 967 420 1007; x_wconf 91' lang='lat' dir='ltr'>vacuo</span> <span class='ocrx_word' id='word_1_39' title='bbox 434 949 543 1007; x_wconf 89' lang='lat' dir='ltr'>laetam</span> <span class='ocrx_word' id='word_1_40' title='bbox 556 949 643 1007; x_wconf 89' lang='lat' dir='ltr'>coelo</span> <span class='ocrx_word' id='word_1_41' title='bbox 656 949 835 1025; x_wconf 79' lang='lat' dir='ltr'>speculatus,</span> <span class='ocrx_word' id='word_1_42' title='bbox 841 959 881 1009; x_wconf 81' lang='lat' dir='ltr'>‘et</span> <span class='ocrx_word' id='word_1_43' title='bbox 894 949 950 1010; x_wconf 90' lang='lat' dir='ltr'>alis</span> 
     </span>
     <span class='ocr_line' id='line_1_8' title="bbox 243 1039 970 1119; baseline 0.001 -19"><span class='ocrx_word' id='word_1_44' title='bbox 243 1042 439 1100; x_wconf 88' lang='lat' dir='ltr'>Plaudentem</span> <span class='ocrx_word' id='word_1_45' title='bbox 453 1039 538 1118; x_wconf 89' lang='lat' dir='ltr'>nigra</span> <span class='ocrx_word' id='word_1_46' title='bbox 551 1041 615 1119; x_wconf 80' lang='lat' dir='ltr'>figit</span> <span class='ocrx_word' id='word_1_47' title='bbox 629 1041 685 1100; x_wconf 93' lang='lat' dir='ltr'>sub</span> <span class='ocrx_word' id='word_1_48' title='bbox 700 1041 780 1100; x_wconf 92' lang='lat' dir='ltr'>nube</span> <span class='ocrx_word' id='word_1_49' title='bbox 794 1042 970 1102; x_wconf 74' lang='lat' dir='ltr'><strong>columbam.</strong></span> 
     </span>
     <span class='ocr_line' id='line_1_9' title="bbox 242 1132 978 1210; baseline 0.001 -16"><span class='ocrx_word' id='word_1_50' title='bbox 242 1133 365 1194; x_wconf 89' lang='lat' dir='ltr'><strong>Decidit</strong></span> <span class='ocrx_word' id='word_1_51' title='bbox 378 1132 532 1206; x_wconf 83' lang='lat' dir='ltr'>exanimis,</span> <span class='ocrx_word' id='word_1_52' title='bbox 547 1133 698 1210; x_wconf 88' lang='lat' dir='ltr'>vitamque</span> <span class='ocrx_word' id='word_1_53' title='bbox 712 1133 832 1210; x_wconf 91' lang='lat' dir='ltr'>reliquit</span> <span class='ocrx_word' id='word_1_54' title='bbox 845 1134 876 1192; x_wconf 94' lang='lat' dir='ltr'>in</span> <span class='ocrx_word' id='word_1_55' title='bbox 890 1134 978 1195; x_wconf 84' lang='lat' dir='ltr'>astris</span> 
     </span>
     <span class='ocr_line' id='line_1_10' title="bbox 242 1226 968 1306; baseline 0 -20"><span class='ocrx_word' id='word_1_56' title='bbox 242 1227 402 1299; x_wconf 89' lang='lat' dir='ltr'>Aetheriis,</span> <span class='ocrx_word' id='word_1_57' title='bbox 417 1226 567 1301; x_wconf 79' lang='lat' dir='ltr'>fixamque</span> <span class='ocrx_word' id='word_1_58' title='bbox 580 1227 670 1292; x_wconf 81' lang='lat' dir='ltr'>refert</span> <span class='ocrx_word' id='word_1_59' title='bbox 683 1227 809 1303; x_wconf 86' lang='lat' dir='ltr'>delapsa</span> <span class='ocrx_word' id='word_1_60' title='bbox 820 1227 968 1306; x_wconf 87' lang='lat' dir='ltr'><strong>sagittam.</strong></span> 
     </span>
     <span class='ocr_line' id='line_1_11' title="bbox 242 1319 904 1397; baseline 0 -18"><span class='ocrx_word' id='word_1_61' title='bbox 242 1319 363 1379; x_wconf 91' lang='lat' dir='ltr'>Amissa</span> <span class='ocrx_word' id='word_1_62' title='bbox 377 1320 457 1378; x_wconf 89' lang='lat' dir='ltr'>solus</span> <span class='ocrx_word' id='word_1_63' title='bbox 470 1320 569 1395; x_wconf 87' lang='lat' dir='ltr'>palma</span> <span class='ocrx_word' id='word_1_64' title='bbox 582 1321 743 1397; x_wconf 60' lang='lat' dir='ltr'>superabat</span> <span class='ocrx_word' id='word_1_65' title='bbox 757 1322 884 1380; x_wconf 91' lang='lat' dir='ltr'>Acestes</span> <span class='ocrx_word' id='word_1_66' title='bbox 890 1335 904 1395; x_wconf 79' lang='lat'>&#39;3</span> 
     </span>
     <span class='ocr_line' id='line_1_12' title="bbox 242 1412 957 1489; baseline 0 -17"><span class='ocrx_word' id='word_1_67' title='bbox 242 1414 302 1489; x_wconf 89' lang='lat' dir='ltr'>Qui</span> <span class='ocrx_word' id='word_1_68' title='bbox 317 1423 416 1472; x_wconf 90' lang='lat' dir='ltr'>tamen</span> <span class='ocrx_word' id='word_1_69' title='bbox 431 1413 527 1472; x_wconf 71' lang='lat' dir='ltr'>aenas</span> <span class='ocrx_word' id='word_1_70' title='bbox 540 1413 633 1471; x_wconf 87' lang='lat' dir='ltr'>telum</span> <span class='ocrx_word' id='word_1_71' title='bbox 646 1412 802 1472; x_wconf 85' lang='lat' dir='ltr'>contendit</span> <span class='ocrx_word' id='word_1_72' title='bbox 816 1413 847 1472; x_wconf 89' lang='lat' dir='ltr'>in</span> <span class='ocrx_word' id='word_1_73' title='bbox 861 1427 957 1486; x_wconf 72' lang='lat' dir='ltr'>aurea,</span> 
     </span>
     <span class='ocr_line' id='line_1_13' title="bbox 197 1507 1025 1582; baseline -0.005 -14"><span class='ocrx_word' id='word_1_74' title='bbox 197 1572 200 1580; x_wconf 62' lang='grc'>,</span> <span class='ocrx_word' id='word_1_75' title='bbox 241 1507 407 1568; x_wconf 88' lang='lat' dir='ltr'>Ostentans</span> <span class='ocrx_word' id='word_1_76' title='bbox 421 1515 573 1581; x_wconf 81' lang='lat' dir='ltr'>artemque</span> <span class='ocrx_word' id='word_1_77' title='bbox 587 1515 672 1582; x_wconf 88' lang='lat' dir='ltr'>pater</span> <span class='ocrx_word' id='word_1_78' title='bbox 684 1524 846 1582; x_wconf 89' lang='lat' dir='ltr'>arcumque</span> <span class='ocrx_word' id='word_1_79' title='bbox 862 1515 1025 1566; x_wconf 88' lang='lat' dir='ltr'>sonantem.</span> 
     </span>
     <span class='ocr_line' id='line_1_14' title="bbox 242 1588 1034 1676; baseline 0.003 -20"><span class='ocrx_word' id='word_1_80' title='bbox 242 1599 304 1657; x_wconf 87' lang='lat' dir='ltr'>Hic</span> <span class='ocrx_word' id='word_1_81' title='bbox 318 1597 413 1658; x_wconf 91' lang='lat' dir='ltr'>oculis</span> <span class='ocrx_word' id='word_1_82' title='bbox 427 1588 560 1658; x_wconf 90' lang='lat' dir='ltr'>subitum</span> <span class='ocrx_word' id='word_1_83' title='bbox 571 1597 710 1676; x_wconf 89' lang='lat' dir='ltr'>objicitur</span> <span class='ocrx_word' id='word_1_84' title='bbox 721 1617 890 1675; x_wconf 87' lang='lat' dir='ltr'>magnoque</span> <span class='ocrx_word' id='word_1_85' title='bbox 905 1599 1034 1658; x_wconf 87' lang='lat' dir='ltr'>futurum</span> 
     </span>
     <span class='ocr_line' id='line_1_15' title="bbox 241 1679 1018 1770; baseline 0.001 -20"><span class='ocrx_word' id='word_1_86' title='bbox 241 1679 375 1770; x_wconf 88' lang='lat' dir='ltr'>Augurio</span> <span class='ocrx_word' id='word_1_87' title='bbox 389 1700 573 1763; x_wconf 89' lang='lat' dir='ltr'>monstrum3</span> <span class='ocrx_word' id='word_1_88' title='bbox 593 1691 698 1750; x_wconf 91' lang='lat' dir='ltr'>docuit</span> <span class='ocrx_word' id='word_1_89' title='bbox 710 1701 781 1767; x_wconf 90' lang='lat' dir='ltr'>post</span> <span class='ocrx_word' id='word_1_90' title='bbox 793 1691 890 1751; x_wconf 85' lang='lat' dir='ltr'>exitus</span> <span class='ocrx_word' id='word_1_91' title='bbox 904 1692 1018 1770; x_wconf 83' lang='lat' dir='ltr'>ingens,</span> 
     </span>
     <span class='ocr_line' id='line_1_16' title="bbox 242 1783 927 1868; baseline 0 -24"><span class='ocrx_word' id='word_1_92' title='bbox 242 1785 374 1861; x_wconf 89' lang='lat' dir='ltr'>Seraque</span> <span class='ocrx_word' id='word_1_93' title='bbox 389 1783 507 1842; x_wconf 85' lang='lat' dir='ltr'>terrifici</span> <span class='ocrx_word' id='word_1_94' title='bbox 521 1783 694 1842; x_wconf 88' lang='lat' dir='ltr'>cecinerunt</span> <span class='ocrx_word' id='word_1_95' title='bbox 707 1784 808 1843; x_wconf 90' lang='lat' dir='ltr'>omina</span> <span class='ocrx_word' id='word_1_96' title='bbox 821 1794 927 1868; x_wconf 63' lang='lat' dir='ltr'>uates7</span> 
     </span>
     <span class='ocr_line' id='line_1_17' title="bbox 242 1875 1045 1953; baseline 0.002 -17"><span class='ocrx_word' id='word_1_97' title='bbox 242 1879 380 1953; x_wconf 89' lang='lat' dir='ltr'>Namque</span> <span class='ocrx_word' id='word_1_98' title='bbox 394 1877 499 1936; x_wconf 84' lang='lat' dir='ltr'>volans</span> <span class='ocrx_word' id='word_1_99' title='bbox 513 1876 634 1951; x_wconf 87' lang='lat' dir='ltr'>liquidis</span> <span class='ocrx_word' id='word_1_100' title='bbox 648 1875 678 1934; x_wconf 91' lang='lat' dir='ltr'>in</span> <span class='ocrx_word' id='word_1_101' title='bbox 693 1876 823 1936; x_wconf 90' lang='lat' dir='ltr'>nubibus</span> <span class='ocrx_word' id='word_1_102' title='bbox 837 1877 908 1937; x_wconf 88' lang='lat' dir='ltr'>arsit</span> <span class='ocrx_word' id='word_1_103' title='bbox 922 1877 1045 1950; x_wconf 67' lang='lat' dir='ltr'>arundo</span> 
     </span>
     <span class='ocr_line' id='line_1_18' title="bbox 243 1968 989 2048; baseline 0 -19"><span class='ocrx_word' id='word_1_104' title='bbox 243 1970 434 2048; x_wconf 87' lang='lat' dir='ltr'>Signavitque</span> <span class='ocrx_word' id='word_1_105' title='bbox 448 1968 526 2027; x_wconf 88' lang='lat' dir='ltr'>viam</span> <span class='ocrx_word' id='word_1_106' title='bbox 540 1968 674 2042; x_wconf 89' lang='lat' dir='ltr'>flammis,</span> <span class='ocrx_word' id='word_1_107' title='bbox 690 1978 854 2045; x_wconf 86' lang='lat' dir='ltr'>tenuesque</span> <span class='ocrx_word' id='word_1_108' title='bbox 868 1970 989 2030; x_wconf 89' lang='lat' dir='ltr'>recessit</span> 
     </span>
     <span class='ocr_line' id='line_1_19' title="bbox 245 2061 1002 2139; baseline -0.001 -16"><span class='ocrx_word' id='word_1_109' title='bbox 245 2064 433 2138; x_wconf 85' lang='lat' dir='ltr'>Consumpta</span> <span class='ocrx_word' id='word_1_110' title='bbox 445 2062 475 2120; x_wconf 92' lang='lat' dir='ltr'>in</span> <span class='ocrx_word' id='word_1_111' title='bbox 490 2071 616 2135; x_wconf 90' lang='lat' dir='ltr'>ventos3</span> <span class='ocrx_word' id='word_1_112' title='bbox 637 2061 723 2121; x_wconf 85' lang='lat' dir='ltr'>coeio</span> <span class='ocrx_word' id='word_1_113' title='bbox 736 2079 793 2121; x_wconf 89' lang='lat' dir='ltr'>ceu</span> <span class='ocrx_word' id='word_1_114' title='bbox 807 2081 897 2139; x_wconf 87' lang='lat' dir='ltr'>saepe</span> <span class='ocrx_word' id='word_1_115' title='bbox 911 2063 1002 2122; x_wconf 83' lang='lat' dir='ltr'>refixa</span> 
     </span>
     <span class='ocr_line' id='line_1_20' title="bbox 242 2153 1033 2229; baseline 0.001 -15"><span class='ocrx_word' id='word_1_116' title='bbox 242 2156 459 2214; x_wconf 86' lang='lat' dir='ltr'>Transcurrunt</span> <span class='ocrx_word' id='word_1_117' title='bbox 471 2154 642 2229; x_wconf 85' lang='lat' dir='ltr'>crinemque</span> <span class='ocrx_word' id='word_1_118' title='bbox 655 2153 787 2213; x_wconf 85' lang='lat' dir='ltr'>volantia</span> <span class='ocrx_word' id='word_1_119' title='bbox 800 2155 899 2214; x_wconf 89' lang='lat' dir='ltr'>sidera</span> <span class='ocrx_word' id='word_1_120' title='bbox 912 2155 1033 2216; x_wconf 91' lang='lat' dir='ltr'>ducunt.</span> 
     </span>
     <span class='ocr_line' id='line_1_21' title="bbox 171 2245 1042 2325; baseline 0.007 -23"><span class='ocrx_word' id='word_1_121' title='bbox 171 2283 181 2302; x_wconf 86' lang='lat'><strong>.</strong></span> <span class='ocrx_word' id='word_1_122' title='bbox 243 2247 389 2307; x_wconf 91' lang='lat' dir='ltr'>Attonitis</span> <span class='ocrx_word' id='word_1_123' title='bbox 403 2247 525 2306; x_wconf 79' lang='lat' dir='ltr'>haesere</span> <span class='ocrx_word' id='word_1_124' title='bbox 539 2245 654 2320; x_wconf 85' lang='lat' dir='ltr'>animis,</span> <span class='ocrx_word' id='word_1_125' title='bbox 672 2248 862 2324; x_wconf 87' lang='lat' dir='ltr'>Superosque</span> <span class='ocrx_word' id='word_1_126' title='bbox 876 2247 987 2325; x_wconf 86' lang='lat' dir='ltr'>precati</span> <span class='ocrx_word' id='word_1_127' title='bbox 1040 2250 1042 2268; x_wconf 91' lang='lat'>&#39;</span> 
     </span>
     <span class='ocr_line' id='line_1_22' title="bbox 242 2340 998 2417; baseline 0.001 -16"><span class='ocrx_word' id='word_1_128' title='bbox 242 2341 388 2401; x_wconf 83' lang='lat' dir='ltr'>Trinacrii</span> <span class='ocrx_word' id='word_1_129' title='bbox 403 2340 570 2417; x_wconf 89' lang='lat' dir='ltr'>Teucrique</span> <span class='ocrx_word' id='word_1_130' title='bbox 584 2341 658 2416; x_wconf 89' lang='lat' dir='ltr'>viri3</span> <span class='ocrx_word' id='word_1_131' title='bbox 678 2342 894 2403; x_wconf 52' lang='lat' dir='ltr'>nec‘maximus</span> <span class='ocrx_word' id='word_1_132' title='bbox 908 2362 998 2404; x_wconf 92' lang='lat' dir='ltr'>omen</span> 
     </span>
     <span class='ocr_line' id='line_1_23' title="bbox 241 2435 1021 2513; baseline 0 -18"><span class='ocrx_word' id='word_1_133' title='bbox 241 2436 356 2495; x_wconf 91' lang='lat' dir='ltr'>Abnuit</span> <span class='ocrx_word' id='word_1_134' title='bbox 372 2437 492 2495; x_wconf 80' lang='lat' dir='ltr'>Aeneas</span> <span class='ocrx_word' id='word_1_135' title='bbox 499 2456 508 2509; x_wconf 92' lang='lat'>3</span> <span class='ocrx_word' id='word_1_136' title='bbox 527 2435 581 2494; x_wconf 92' lang='lat' dir='ltr'>sed</span> <span class='ocrx_word' id='word_1_137' title='bbox 596 2435 711 2494; x_wconf 85' lang='lat' dir='ltr'>laetum&#39;</span> <span class='ocrx_word' id='word_1_138' title='bbox 718 2437 874 2513; x_wconf 80' lang='lat' dir='ltr'>amplexus</span> <span class='ocrx_word' id='word_1_139' title='bbox 889 2439 1021 2497; x_wconf 83' lang='lat' dir='ltr'>Acesten</span> 
     </span>
     <span class='ocr_line' id='line_1_24' title="bbox 244 2528 945 2604; baseline 0.003 -17"><span class='ocrx_word' id='word_1_140' title='bbox 244 2528 421 2587; x_wconf 86' lang='lat' dir='ltr'>Muneribus</span> <span class='ocrx_word' id='word_1_141' title='bbox 435 2528 566 2587; x_wconf 85' lang='lat' dir='ltr'>cumulat</span> <span class='ocrx_word' id='word_1_142' title='bbox 578 2528 702 2604; x_wconf 90' lang='lat' dir='ltr'>magnis,</span> <span class='ocrx_word' id='word_1_143' title='bbox 717 2548 754 2587; x_wconf 91' lang='lat' dir='ltr'>ac</span> <span class='ocrx_word' id='word_1_144' title='bbox 768 2529 838 2589; x_wconf 86' lang='lat' dir='ltr'>talia</span> <span class='ocrx_word' id='word_1_145' title='bbox 851 2530 945 2589; x_wconf 88' lang='lat' dir='ltr'>fatur:</span> 
     </span>
     <span class='ocr_line' id='line_1_25' title="bbox 242 2620 1043 2701; baseline 0 -20"><span class='ocrx_word' id='word_1_146' title='bbox 242 2623 339 2694; x_wconf 84' lang='lat' dir='ltr'>Sume,</span> <span class='ocrx_word' id='word_1_147' title='bbox 355 2631 440 2698; x_wconf 88' lang='lat' dir='ltr'>pater</span> <span class='ocrx_word' id='word_1_148' title='bbox 452 2642 461 2695; x_wconf 89' lang='lat'>3</span> <span class='ocrx_word' id='word_1_149' title='bbox 482 2639 551 2679; x_wconf 87' lang='lat' dir='ltr'>nam</span> <span class='ocrx_word' id='word_1_150' title='bbox 564 2630 596 2679; x_wconf 92' lang='lat' dir='ltr'>te</span> <span class='ocrx_word' id='word_1_151' title='bbox 609 2621 703 2681; x_wconf 79' lang='lat' dir='ltr'>votuit</span> <span class='ocrx_word' id='word_1_152' title='bbox 716 2640 768 2681; x_wconf 83' lang='lat' dir='ltr'>rex</span> <span class='ocrx_word' id='word_1_153' title='bbox 781 2640 906 2699; x_wconf 87' lang='lat' dir='ltr'>magnus</span> <span class='ocrx_word' id='word_1_154' title='bbox 921 2620 1043 2701; x_wconf 85' lang='lat' dir='ltr'>Olympi</span> 
     </span>
     <span class='ocr_line' id='line_1_26' title="bbox 227 2695 972 2791; baseline 0.003 -18"><span class='ocrx_word' id='word_1_155' title='bbox 227 2695 366 2775; x_wconf 66' lang='lat' dir='ltr'>&#39;Talibus</span> <span class='ocrx_word' id='word_1_156' title='bbox 380 2713 519 2791; x_wconf 85' lang='lat' dir='ltr'>auspiciis</span> <span class='ocrx_word' id='word_1_157' title='bbox 533 2724 682 2773; x_wconf 81' lang='lat' dir='ltr'>exsortem</span> <span class='ocrx_word' id='word_1_158' title='bbox 695 2715 805 2774; x_wconf 89' lang='lat' dir='ltr'>ducere</span> <span class='ocrx_word' id='word_1_159' title='bbox 819 2715 972 2775; x_wconf 88' lang='lat' dir='ltr'>honorem.</span> 
     </span>
     <span class='ocr_line' id='line_1_27' title="bbox 243 2803 999 2882; baseline 0.003 -19"><span class='ocrx_word' id='word_1_160' title='bbox 243 2805 342 2882; x_wconf 91' lang='lat' dir='ltr'>Ipsius</span> <span class='ocrx_word' id='word_1_161' title='bbox 356 2803 506 2864; x_wconf 87' lang='lat' dir='ltr'>Anchisae</span> <span class='ocrx_word' id='word_1_162' title='bbox 520 2804 657 2882; x_wconf 85' lang='lat' dir='ltr'>longaevi</span> <span class='ocrx_word' id='word_1_163' title='bbox 669 2806 729 2865; x_wconf 91' lang='lat' dir='ltr'>hoc</span> <span class='ocrx_word' id='word_1_164' title='bbox 742 2824 850 2865; x_wconf 86' lang='lat' dir='ltr'>munus</span> <span class='ocrx_word' id='word_1_165' title='bbox 864 2806 999 2878; x_wconf 86' lang='lat' dir='ltr'>habebis,</span> 
     </span>
     <span class='ocr_line' id='line_1_28' title="bbox 245 2897 1028 2975; baseline -0.003 -16"><span class='ocrx_word' id='word_1_166' title='bbox 245 2899 368 2959; x_wconf 88' lang='lat' dir='ltr'>Cratera</span> <span class='ocrx_word' id='word_1_167' title='bbox 381 2898 559 2974; x_wconf 90' lang='lat' dir='ltr'>impressum</span> <span class='ocrx_word' id='word_1_168' title='bbox 573 2897 675 2975; x_wconf 86' lang='lat' dir='ltr'>signis,</span> <span class='ocrx_word' id='word_1_169' title='bbox 691 2916 781 2974; x_wconf 90' lang='lat' dir='ltr'>quem</span> <span class='ocrx_word' id='word_1_170' title='bbox 795 2898 941 2958; x_wconf 90' lang='lat' dir='ltr'>Thracius</span> <span class='ocrx_word' id='word_1_171' title='bbox 956 2899 1028 2957; x_wconf 89' lang='lat' dir='ltr'>olim</span> 
     </span>
     <span class='ocr_line' id='line_1_29' title="bbox 243 2990 979 3069; baseline 0 -18"><span class='ocrx_word' id='word_1_172' title='bbox 243 2990 395 3052; x_wconf 90' lang='lat' dir='ltr'>Anchisae</span> <span class='ocrx_word' id='word_1_173' title='bbox 410 2990 535 3069; x_wconf 89' lang='lat' dir='ltr'>genitori</span> <span class='ocrx_word' id='word_1_174' title='bbox 550 2990 580 3049; x_wconf 92' lang='lat' dir='ltr'>in</span> <span class='ocrx_word' id='word_1_175' title='bbox 594 3009 705 3069; x_wconf 85' lang='lat' dir='ltr'>magno</span> <span class='ocrx_word' id='word_1_176' title='bbox 718 3010 841 3051; x_wconf 89' lang='lat' dir='ltr'>munere</span> <span class='ocrx_word' id='word_1_177' title='bbox 856 2992 979 3053; x_wconf 83' lang='lat' dir='ltr'>Cisseus</span> 
     </span>
     <span class='ocr_line' id='line_1_30' title="bbox 244 3083 1066 3162; baseline 0.001 -19"><span class='ocrx_word' id='word_1_178' title='bbox 244 3085 332 3143; x_wconf 90' lang='lat' dir='ltr'>Ferre</span> <span class='ocrx_word' id='word_1_179' title='bbox 346 3084 392 3143; x_wconf 93' lang='lat' dir='ltr'>sui</span> <span class='ocrx_word' id='word_1_180' title='bbox 406 3083 530 3144; x_wconf 87' lang='lat' dir='ltr'>dederat</span> <span class='ocrx_word' id='word_1_181' title='bbox 544 3094 771 3143; x_wconf 90' lang='lat' dir='ltr'>monumentum</span> <span class='ocrx_word' id='word_1_182' title='bbox 785 3093 816 3143; x_wconf 92' lang='lat' dir='ltr'>et</span> <span class='ocrx_word' id='word_1_183' title='bbox 829 3083 936 3162; x_wconf 83' lang='lat' dir='ltr'>pignus</span> <span class='ocrx_word' id='word_1_184' title='bbox 950 3084 1066 3144; x_wconf 90' lang='lat' dir='ltr'>amoris.</span> 
     </span>
     <span class='ocr_line' id='line_1_31' title="bbox 245 3172 901 3252; baseline 0.003 -20"><span class='ocrx_word' id='word_1_185' title='bbox 245 3172 295 3233; x_wconf 92' lang='lat' dir='ltr'>Sic</span> <span class='ocrx_word' id='word_1_186' title='bbox 308 3174 386 3233; x_wconf 86' lang='lat' dir='ltr'>satus</span> <span class='ocrx_word' id='word_1_187' title='bbox 401 3173 495 3252; x_wconf 83' lang='lat' dir='ltr'>cingit</span> <span class='ocrx_word' id='word_1_188' title='bbox 508 3172 649 3233; x_wconf 89' lang='lat' dir='ltr'>viridanti</span> <span class='ocrx_word' id='word_1_189' title='bbox 663 3184 799 3251; x_wconf 88' lang='lat' dir='ltr'>tempora</span> <span class='ocrx_word' id='word_1_190' title='bbox 812 3176 901 3248; x_wconf 78' lang='lat' dir='ltr'>larun,</span> 
     </span>
     <span class='ocr_line' id='line_1_32' title="bbox 244 3266 1081 3343; baseline 0.005 -20"><span class='ocrx_word' id='word_1_191' title='bbox 244 3266 283 3324; x_wconf 91' lang='lat' dir='ltr'>Et</span> <span class='ocrx_word' id='word_1_192' title='bbox 296 3266 424 3343; x_wconf 91' lang='lat' dir='ltr'>primum</span> <span class='ocrx_word' id='word_1_193' title='bbox 437 3276 507 3325; x_wconf 90' lang='lat' dir='ltr'>ante</span> <span class='ocrx_word' id='word_1_194' title='bbox 521 3284 626 3325; x_wconf 91' lang='lat' dir='ltr'>omnes</span> <span class='ocrx_word' id='word_1_195' title='bbox 639 3266 782 3327; x_wconf 89' lang='lat' dir='ltr'>victorem</span> <span class='ocrx_word' id='word_1_196' title='bbox 796 3267 928 3343; x_wconf 86' lang='lat' dir='ltr'>appellat</span> <span class='ocrx_word' id='word_1_197' title='bbox 941 3269 1081 3329; x_wconf 89' lang='lat' dir='ltr'>Acesten.</span> 
     </span>
     <span class='ocr_line' id='line_1_33' title="bbox 244 3358 976 3438; baseline 0 -20"><span class='ocrx_word' id='word_1_198' title='bbox 244 3362 274 3418; x_wconf 95' lang='lat' dir='ltr'>N</span> <span class='ocrx_word' id='word_1_199' title='bbox 275 3378 311 3420; x_wconf 93' lang='lat' dir='ltr'>ec</span> <span class='ocrx_word' id='word_1_200' title='bbox 324 3360 421 3419; x_wconf 90' lang='lat' dir='ltr'>bonus</span> <span class='ocrx_word' id='word_1_201' title='bbox 436 3358 580 3438; x_wconf 88' lang='lat' dir='ltr'>Eurytion</span> <span class='ocrx_word' id='word_1_202' title='bbox 593 3359 728 3435; x_wconf 86' lang='lat' dir='ltr'>praelato</span> <span class='ocrx_word' id='word_1_203' title='bbox 741 3358 849 3418; x_wconf 90' lang='lat' dir='ltr'>invidit</span> <span class='ocrx_word' id='word_1_204' title='bbox 862 3360 976 3432; x_wconf 88' lang='lat' dir='ltr'>honori,</span> 
     </span>
     <span class='ocr_line' id='line_1_34' title="bbox 244 3451 943 3527; baseline 0 -16"><span class='ocrx_word' id='word_1_205' title='bbox 244 3452 388 3527; x_wconf 90' lang='lat' dir='ltr'>Quamvis</span> <span class='ocrx_word' id='word_1_206' title='bbox 403 3452 483 3511; x_wconf 90' lang='lat' dir='ltr'>solus</span> <span class='ocrx_word' id='word_1_207' title='bbox 497 3470 583 3511; x_wconf 89' lang='lat' dir='ltr'>avem</span> <span class='ocrx_word' id='word_1_208' title='bbox 596 3452 683 3511; x_wconf 90' lang='lat' dir='ltr'>coelo</span> <span class='ocrx_word' id='word_1_209' title='bbox 697 3451 808 3527; x_wconf 89' lang='lat' dir='ltr'>dejecit</span> <span class='ocrx_word' id='word_1_210' title='bbox 822 3452 860 3511; x_wconf 91' lang='lat' dir='ltr'>ab</span> <span class='ocrx_word' id='word_1_211' title='bbox 873 3452 943 3511; x_wconf 87' lang='lat' dir='ltr'>alto.</span> 
     </span>
     <span class='ocr_line' id='line_1_35' title="bbox 244 3543 982 3623; baseline -0.004 -16"><span class='ocrx_word' id='word_1_212' title='bbox 244 3547 398 3607; x_wconf 83' lang='lat' dir='ltr'>Proximus</span> <span class='ocrx_word' id='word_1_213' title='bbox 410 3544 573 3623; x_wconf 86' lang='lat' dir='ltr'>ingreditur</span> <span class='ocrx_word' id='word_1_214' title='bbox 587 3544 684 3617; x_wconf 89' lang='lat' dir='ltr'>donis,</span> <span class='ocrx_word' id='word_1_215' title='bbox 699 3543 750 3620; x_wconf 92' lang='lat' dir='ltr'>qui</span> <span class='ocrx_word' id='word_1_216' title='bbox 765 3543 883 3604; x_wconf 73' lang='lat' dir='ltr'>mucida</span> <span class='ocrx_word' id='word_1_217' title='bbox 896 3544 982 3622; x_wconf 87' lang='lat' dir='ltr'>rupit,</span> 
     </span>
     <span class='ocr_line' id='line_1_36' title="bbox 244 3637 972 3714; baseline -0.003 -15"><span class='ocrx_word' id='word_1_218' title='bbox 244 3641 409 3711; x_wconf 82' lang='lat' dir='ltr'>Extremus,</span> <span class='ocrx_word' id='word_1_219' title='bbox 423 3638 537 3698; x_wconf 88' lang='lat' dir='ltr'>volucri</span> <span class='ocrx_word' id='word_1_220' title='bbox 551 3637 603 3714; x_wconf 92' lang='lat' dir='ltr'>qui</span> <span class='ocrx_word' id='word_1_221' title='bbox 615 3637 680 3697; x_wconf 82' lang='lat' dir='ltr'>fixit</span> <span class='ocrx_word' id='word_1_222' title='bbox 693 3638 838 3697; x_wconf 86' lang='lat' dir='ltr'>arundine</span> <span class='ocrx_word' id='word_1_223' title='bbox 854 3639 972 3697; x_wconf 89' lang='lat' dir='ltr'>malum.</span> 
     </span>
    </p>

    <p class='ocr_par' dir='ltr' id='par_1_3' title="bbox 246 3730 1009 3902">
     <span class='ocr_line' id='line_1_37' title="bbox 284 3730 1009 3810; baseline 0.001 -19"><span class='ocrx_word' id='word_1_224' title='bbox 284 3736 326 3792; x_wconf 91' lang='lat' dir='ltr'>At</span> <span class='ocrx_word' id='word_1_225' title='bbox 339 3742 423 3810; x_wconf 89' lang='lat' dir='ltr'>pater</span> <span class='ocrx_word' id='word_1_226' title='bbox 436 3734 565 3803; x_wconf 83' lang='lat' dir='ltr'>Aeneas,</span> <span class='ocrx_word' id='word_1_227' title='bbox 580 3730 714 3791; x_wconf 89' lang='lat' dir='ltr'>nondum</span> <span class='ocrx_word' id='word_1_228' title='bbox 728 3730 892 3791; x_wconf 87' lang='lat' dir='ltr'>certamine</span> <span class='ocrx_word' id='word_1_229' title='bbox 907 3732 1009 3804; x_wconf 91' lang='lat' dir='ltr'>misso,</span> 
     </span>
     <span class='ocr_line' id='line_1_38' title="bbox 246 3823 976 3902; baseline -0.004 -16"><span class='ocrx_word' id='word_1_230' title='bbox 246 3826 410 3888; x_wconf 90' lang='lat' dir='ltr'>Custodem</span> <span class='ocrx_word' id='word_1_231' title='bbox 425 3825 463 3886; x_wconf 90' lang='lat' dir='ltr'>ad</span> <span class='ocrx_word' id='word_1_232' title='bbox 478 3844 545 3885; x_wconf 90' lang='lat' dir='ltr'>sese</span> <span class='ocrx_word' id='word_1_233' title='bbox 559 3823 760 3900; x_wconf 87' lang='lat' dir='ltr'>comitemque</span> <span class='ocrx_word' id='word_1_234' title='bbox 773 3823 903 3902; x_wconf 91' lang='lat' dir='ltr'>impubis</span> <span class='ocrx_word' id='word_1_235' title='bbox 917 3824 976 3883; x_wconf 90' lang='lat' dir='ltr'>Iuli</span> 
     </span>
    </p>
   </div>
   <div class='ocr_carea' id='block_1_3' title="bbox 0 0 1519 4700">
    <p class='ocr_par' dir='ltr' id='par_1_4' title="bbox 0 0 1519 4700">
     <span class='ocr_line' id='line_1_39' title="bbox 0 0 1519 4700; baseline 0 0"><span class='ocrx_word' id='word_1_236' title='bbox 0 0 1519 4700; x_wconf 95' lang='lat' dir='ltr'> </span> 
     </span>
    </p>
   </div>
  </div>
 </body>
</html>
