<?xml version="1.0" encoding="UTF-8"?>
<!DOCTYPE html PUBLIC "-//W3C//DTD XHTML 1.0 Transitional//EN"
    "http://www.w3.org/TR/xhtml1/DTD/xhtml1-transitional.dtd">
<html xmlns="http://www.w3.org/1999/xhtml" xml:lang="en" lang="en">
 <head>
  <title>
</title>
<meta http-equiv="Content-Type" content="text/html;charset=utf-8" />
  <meta name='ocr-system' content='tesseract 3.04.00' />
  <meta name='ocr-capabilities' content='ocr_page ocr_carea ocr_par ocr_line ocrx_word'/>
</head>
<body>
  <div class='ocr_page' id='page_1' title='image "./selectionsfromo01virggoog_0238.png"; bbox 0 0 3017 4700; ppageno 0'>
   <div class='ocr_carea' id='block_1_1' title="bbox 319 415 972 475">
    <p class='ocr_par' dir='ltr' id='par_1_1' title="bbox 319 415 972 475">
     <span class='ocr_line' id='line_1_1' title="bbox 319 415 972 475; baseline 0.009 -6"><span class='ocrx_word' id='word_1_1' title='bbox 319 415 374 470; x_wconf 83' lang='lat'>226</span> <span class='ocrx_word' id='word_1_2' title='bbox 631 431 656 473; x_wconf 81' lang='lat' dir='ltr'>r.</span> <span class='ocrx_word' id='word_1_3' title='bbox 676 430 809 474; x_wconf 77' lang='lat' dir='ltr'>vinoun</span> <span class='ocrx_word' id='word_1_4' title='bbox 831 429 972 475; x_wconf 79' lang='lat' dir='ltr'>unnorns</span> 
     </span>
    </p>
   </div>
   <div class='ocr_carea' id='block_1_2' title="bbox 315 573 1287 1118">
    <p class='ocr_par' dir='ltr' id='par_1_2' title="bbox 315 573 1282 839">
     <span class='ocr_line' id='line_1_2' title="bbox 316 573 1170 660; baseline 0.012 -31"><span class='ocrx_word' id='word_1_5' title='bbox 316 573 408 632; x_wconf 87' lang='lat' dir='ltr'>Haud</span> <span class='ocrx_word' id='word_1_6' title='bbox 421 591 512 648; x_wconf 88' lang='lat' dir='ltr'>mora,</span> <span class='ocrx_word' id='word_1_7' title='bbox 527 574 668 636; x_wconf 87' lang='lat' dir='ltr'>festinant</span> <span class='ocrx_word' id='word_1_8' title='bbox 681 577 796 650; x_wconf 90' lang='lat' dir='ltr'>flentes,</span> <span class='ocrx_word' id='word_1_9' title='bbox 812 593 951 652; x_wconf 86' lang='lat' dir='ltr'>aramque</span> <span class='ocrx_word' id='word_1_10' title='bbox 961 577 1114 654; x_wconf 40' lang='lat' dir='ltr'>,sepulchri</span> <span class='ocrx_word' id='word_1_11' title='bbox 1167 647 1170 660; x_wconf 36' lang='grc' dir='ltr'>Ι</span> 
     </span>
     <span class='ocr_line' id='line_1_3' title="bbox 315 665 1282 746; baseline 0.01 -22"><span class='ocrx_word' id='word_1_12' title='bbox 315 665 485 744; x_wconf 87' lang='lat' dir='ltr'>Congerere</span> <span class='ocrx_word' id='word_1_13' title='bbox 499 669 652 729; x_wconf 87' lang='lat' dir='ltr'>arboribus</span> <span class='ocrx_word' id='word_1_14' title='bbox 665 671 811 746; x_wconf 90' lang='lat' dir='ltr'>coeloque</span> <span class='ocrx_word' id='word_1_15' title='bbox 825 669 950 730; x_wconf 84' lang='lat' dir='ltr'>educere</span> <span class='ocrx_word' id='word_1_16' title='bbox 965 681 1086 732; x_wconf 84' lang='lat' dir='ltr'>certant</span> <span class='ocrx_word' id='word_1_17' title='bbox 1279 665 1282 672; x_wconf 74' lang='grc'>’</span> 
     </span>
     <span class='ocr_line' id='line_1_4' title="bbox 316 758 1069 839; baseline 0.012 -24"><span class='ocrx_word' id='word_1_18' title='bbox 316 758 380 816; x_wconf 82' lang='lat' dir='ltr'>Itur·</span> <span class='ocrx_word' id='word_1_19' title='bbox 392 758 424 816; x_wconf 91' lang='lat' dir='ltr'>in</span> <span class='ocrx_word' id='word_1_20' title='bbox 437 761 589 836; x_wconf 89' lang='lat' dir='ltr'>antiquam</span> <span class='ocrx_word' id='word_1_21' title='bbox 602 762 715 834; x_wconf 90' lang='lat' dir='ltr'>silvam,</span> <span class='ocrx_word' id='word_1_22' title='bbox 732 763 848 822; x_wconf 88' lang='lat' dir='ltr'>stabula</span> <span class='ocrx_word' id='word_1_23' title='bbox 861 762 920 822; x_wconf 80' lang='lat' dir='ltr'>alta</span> <span class='ocrx_word' id='word_1_24' title='bbox 933 762 1069 839; x_wconf 87' lang='lat' dir='ltr'>ferarum,</span> 
     </span>
    </p>

    <p class='ocr_par' dir='ltr' id='par_1_3' title="bbox 315 851 1287 1021">
     <span class='ocr_line' id='line_1_5' title="bbox 315 851 1287 932; baseline 0.011 -25"><span class='ocrx_word' id='word_1_25' title='bbox 315 851 515 912; x_wconf 86' lang='lat' dir='ltr'>Procumbunt</span> <span class='ocrx_word' id='word_1_26' title='bbox 528 854 639 930; x_wconf 80' lang='lat' dir='ltr'>piceae,</span> <span class='ocrx_word' id='word_1_27' title='bbox 655 865 742 914; x_wconf 90' lang='lat' dir='ltr'>sonat</span> <span class='ocrx_word' id='word_1_28' title='bbox 754 855 814 915; x_wconf 91' lang='lat' dir='ltr'>icta</span> <span class='ocrx_word' id='word_1_29' title='bbox 827 855 980 917; x_wconf 84' lang='lat' dir='ltr'>securibus</span> <span class='ocrx_word' id='word_1_30' title='bbox 994 858 1060 932; x_wconf 85' lang='lat' dir='ltr'>ilex,</span> <span class='ocrx_word' id='word_1_31' title='bbox 1250 878 1287 917; x_wconf 69' lang='lat' dir='ltr'>rao</span> 
     </span>
     <span class='ocr_line' id='line_1_6' title="bbox 315 944 1017 1021; baseline 0.016 -21"><span class='ocrx_word' id='word_1_32' title='bbox 315 944 535 1021; x_wconf 87' lang='lat' dir='ltr'>Fraxineaeque</span> <span class='ocrx_word' id='word_1_33' title='bbox 549 946 648 1006; x_wconf 89' lang='lat' dir='ltr'>trabes</span> <span class='ocrx_word' id='word_1_34' title='bbox 662 948 765 1007; x_wconf 92' lang='lat' dir='ltr'>cuneis</span> <span class='ocrx_word' id='word_1_35' title='bbox 779 956 809 1007; x_wconf 91' lang='lat' dir='ltr'>et</span> <span class='ocrx_word' id='word_1_36' title='bbox 822 948 913 1008; x_wconf 87' lang='lat' dir='ltr'>fissile</span> <span class='ocrx_word' id='word_1_37' title='bbox 927 950 1017 1010; x_wconf 90' lang='lat' dir='ltr'>robur</span> 
     </span>
    </p>

    <p class='ocr_par' dir='ltr' id='par_1_4' title="bbox 316 1034 1077 1118">
     <span class='ocr_line' id='line_1_7' title="bbox 316 1034 1077 1118; baseline 0.012 -23"><span class='ocrx_word' id='word_1_38' title='bbox 316 1034 471 1110; x_wconf 90' lang='lat' dir='ltr'>Scinditur,</span> <span class='ocrx_word' id='word_1_39' title='bbox 487 1039 648 1099; x_wconf 89' lang='lat' dir='ltr'>advolvunt</span> <span class='ocrx_word' id='word_1_40' title='bbox 662 1040 799 1118; x_wconf 83' lang='lat' dir='ltr'>ingentes</span> <span class='ocrx_word' id='word_1_41' title='bbox 813 1043 964 1102; x_wconf 91' lang='lat' dir='ltr'>montibus</span> <span class='ocrx_word' id='word_1_42' title='bbox 979 1059 1077 1104; x_wconf 88' lang='lat' dir='ltr'>ornos.</span> 
     </span>
    </p>
   </div>
   <div class='ocr_carea' id='block_1_3' title="bbox 217 1130 995 1212">
    <p class='ocr_par' dir='ltr' id='par_1_5' title="bbox 217 1130 995 1212">
     <span class='ocr_line' id='line_1_8' title="bbox 217 1130 995 1212; baseline 0.013 -26"><span class='ocrx_word' id='word_1_43' title='bbox 217 1156 221 1165; x_wconf 78' lang='lat'>,</span> <span class='ocrx_word' id='word_1_44' title='bbox 315 1130 380 1189; x_wconf 89' lang='lat' dir='ltr'>Nec</span> <span class='ocrx_word' id='word_1_45' title='bbox 394 1149 455 1189; x_wconf 91' lang='lat' dir='ltr'>non</span> <span class='ocrx_word' id='word_1_46' title='bbox 470 1133 589 1191; x_wconf 88' lang='lat' dir='ltr'>Aeneas</span> <span class='ocrx_word' id='word_1_47' title='bbox 603 1151 694 1208; x_wconf 91' lang='lat' dir='ltr'>opera</span> <span class='ocrx_word' id='word_1_48' title='bbox 707 1133 785 1192; x_wconf 86' lang='lat' dir='ltr'>inter</span> <span class='ocrx_word' id='word_1_49' title='bbox 798 1134 868 1194; x_wconf 87' lang='lat' dir='ltr'>talia</span> <span class='ocrx_word' id='word_1_50' title='bbox 882 1135 995 1212; x_wconf 91' lang='lat' dir='ltr'>primus</span> 
     </span>
    </p>
   </div>
   <div class='ocr_carea' id='block_1_4' title="bbox 238 1217 1305 3885">
    <p class='ocr_par' dir='ltr' id='par_1_6' title="bbox 238 1217 1305 3885">
     <span class='ocr_line' id='line_1_9' title="bbox 315 1217 1061 1306; baseline 0.009 -25"><span class='ocrx_word' id='word_1_51' title='bbox 315 1224 460 1282; x_wconf 87' lang='lat' dir='ltr'>Hortatur</span> <span class='ocrx_word' id='word_1_52' title='bbox 474 1225 580 1298; x_wconf 78' lang='lat' dir='ltr'>socios,</span> <span class='ocrx_word' id='word_1_53' title='bbox 596 1217 776 1303; x_wconf 72' lang='lat' dir='ltr'>paribusque</span> <span class='ocrx_word' id='word_1_54' title='bbox 791 1227 954 1306; x_wconf 81' lang='lat' dir='ltr'>accingitur</span> <span class='ocrx_word' id='word_1_55' title='bbox 967 1229 1061 1289; x_wconf 90' lang='lat' dir='ltr'>armis.</span> 
     </span>
     <span class='ocr_line' id='line_1_10' title="bbox 313 1317 1285 1395; baseline 0.006 -21"><span class='ocrx_word' id='word_1_56' title='bbox 313 1317 414 1392; x_wconf 90' lang='lat' dir='ltr'>Atque</span> <span class='ocrx_word' id='word_1_57' title='bbox 428 1318 502 1376; x_wconf 92' lang='lat' dir='ltr'>haec</span> <span class='ocrx_word' id='word_1_58' title='bbox 517 1318 581 1394; x_wconf 90' lang='lat' dir='ltr'>ipse</span> <span class='ocrx_word' id='word_1_59' title='bbox 595 1337 650 1379; x_wconf 91' lang='lat' dir='ltr'>suo</span> <span class='ocrx_word' id='word_1_60' title='bbox 664 1319 740 1379; x_wconf 87' lang='lat' dir='ltr'>tristi</span> <span class='ocrx_word' id='word_1_61' title='bbox 753 1338 822 1380; x_wconf 86' lang='lat' dir='ltr'>cum</span> <span class='ocrx_word' id='word_1_62' title='bbox 836 1321 927 1381; x_wconf 88' lang='lat' dir='ltr'>corde</span> <span class='ocrx_word' id='word_1_63' title='bbox 940 1322 1061 1395; x_wconf 91' lang='lat' dir='ltr'>volutat,</span> <span class='ocrx_word' id='word_1_64' title='bbox 1250 1341 1285 1390; x_wconf 78' lang='lat'>185</span> 
     </span>
     <span class='ocr_line' id='line_1_11' title="bbox 313 1409 1180 1491; baseline 0.009 -24"><span class='ocrx_word' id='word_1_65' title='bbox 313 1409 504 1486; x_wconf 81' lang='lat' dir='ltr'>Adspectans</span> <span class='ocrx_word' id='word_1_66' title='bbox 517 1411 622 1470; x_wconf 89' lang='lat' dir='ltr'>silvam</span> <span class='ocrx_word' id='word_1_67' title='bbox 635 1411 820 1486; x_wconf 89' lang='lat' dir='ltr'>immensam,</span> <span class='ocrx_word' id='word_1_68' title='bbox 836 1423 866 1473; x_wconf 92' lang='lat' dir='ltr'>et</span> <span class='ocrx_word' id='word_1_69' title='bbox 880 1413 923 1473; x_wconf 89' lang='lat' dir='ltr'>sic</span> <span class='ocrx_word' id='word_1_70' title='bbox 936 1433 1010 1473; x_wconf 91' lang='lat' dir='ltr'>voce</span> <span class='ocrx_word' id='word_1_71' title='bbox 1025 1425 1160 1491; x_wconf 83' lang='lat' dir='ltr'>precatur</span> <span class='ocrx_word' id='word_1_72' title='bbox 1174 1437 1180 1474; x_wconf 93' lang='lat'><strong>:</strong></span> 
     </span>
     <span class='ocr_line' id='line_1_12' title="bbox 316 1502 1001 1567; baseline 0.012 -8"><span class='ocrx_word' id='word_1_73' title='bbox 316 1502 346 1560; x_wconf 92' lang='lat' dir='ltr'>Si</span> <span class='ocrx_word' id='word_1_74' title='bbox 361 1521 440 1561; x_wconf 90' lang='lat' dir='ltr'>nunc</span> <span class='ocrx_word' id='word_1_75' title='bbox 454 1522 488 1562; x_wconf 94' lang='lat' dir='ltr'>se</span> <span class='ocrx_word' id='word_1_76' title='bbox 501 1504 588 1563; x_wconf 91' lang='lat' dir='ltr'>nobis</span> <span class='ocrx_word' id='word_1_77' title='bbox 602 1505 651 1564; x_wconf 90' lang='lat' dir='ltr'>ille</span> <span class='ocrx_word' id='word_1_78' title='bbox 665 1524 769 1566; x_wconf 88' lang='lat' dir='ltr'>aureus</span> <span class='ocrx_word' id='word_1_79' title='bbox 784 1507 887 1566; x_wconf 89' lang='lat' dir='ltr'>arbore</span> <span class='ocrx_word' id='word_1_80' title='bbox 902 1525 1001 1567; x_wconf 91' lang='lat' dir='ltr'>ramus</span> 
     </span>
     <span class='ocr_line' id='line_1_13' title="bbox 314 1595 1097 1675; baseline 0.008 -22"><span class='ocrx_word' id='word_1_81' title='bbox 314 1595 463 1654; x_wconf 89' lang='lat' dir='ltr'>Ostendat</span> <span class='ocrx_word' id='word_1_82' title='bbox 476 1613 597 1656; x_wconf 88' lang='lat' dir='ltr'>nemore</span> <span class='ocrx_word' id='word_1_83' title='bbox 611 1597 643 1656; x_wconf 90' lang='lat' dir='ltr'>in</span> <span class='ocrx_word' id='word_1_84' title='bbox 656 1603 758 1659; x_wconf 90' lang='lat' dir='ltr'>tanto!</span> <span class='ocrx_word' id='word_1_85' title='bbox 780 1599 900 1675; x_wconf 88' lang='lat' dir='ltr'>quando</span> <span class='ocrx_word' id='word_1_86' title='bbox 914 1599 1015 1659; x_wconf 89' lang='lat' dir='ltr'>omnia</span> <span class='ocrx_word' id='word_1_87' title='bbox 1028 1618 1097 1660; x_wconf 90' lang='lat' dir='ltr'>vere</span> 
     </span>
     <span class='ocr_line' id='line_1_14' title="bbox 315 1689 1047 1765; baseline 0.01 -20"><span class='ocrx_word' id='word_1_88' title='bbox 315 1690 387 1747; x_wconf 92' lang='lat' dir='ltr'>Heu</span> <span class='ocrx_word' id='word_1_89' title='bbox 399 1689 574 1749; x_wconf 85' lang='lat' dir='ltr'>nimiumde</span> <span class='ocrx_word' id='word_1_90' title='bbox 587 1699 618 1749; x_wconf 89' lang='lat' dir='ltr'>te</span> <span class='ocrx_word' id='word_1_91' title='bbox 632 1701 723 1765; x_wconf 87' lang='lat' dir='ltr'>vates,</span> <span class='ocrx_word' id='word_1_92' title='bbox 740 1691 868 1764; x_wconf 89' lang='lat' dir='ltr'>Misene,</span> <span class='ocrx_word' id='word_1_93' title='bbox 881 1691 982 1751; x_wconf 87' lang='lat' dir='ltr'>locuta</span> <span class='ocrx_word' id='word_1_94' title='bbox 996 1703 1047 1752; x_wconf 86' lang='lat' dir='ltr'>est</span> 
     </span>
     <span class='ocr_line' id='line_1_15' title="bbox 313 1781 1285 1860; baseline 0.012 -21"><span class='ocrx_word' id='word_1_95' title='bbox 313 1781 372 1839; x_wconf 89' lang='lat' dir='ltr'>Vix</span> <span class='ocrx_word' id='word_1_96' title='bbox 385 1800 421 1840; x_wconf 88' lang='lat' dir='ltr'>ea</span> <span class='ocrx_word' id='word_1_97' title='bbox 435 1781 511 1841; x_wconf 89' lang='lat' dir='ltr'>fatus</span> <span class='ocrx_word' id='word_1_98' title='bbox 526 1793 596 1856; x_wconf 88' lang='lat' dir='ltr'>erat,</span> <span class='ocrx_word' id='word_1_99' title='bbox 611 1782 746 1860; x_wconf 87' lang='lat' dir='ltr'>geminae</span> <span class='ocrx_word' id='word_1_100' title='bbox 761 1797 851 1860; x_wconf 83' lang='lat' dir='ltr'>quum</span> <span class='ocrx_word' id='word_1_101' title='bbox 865 1785 940 1844; x_wconf 84' lang='lat' dir='ltr'>forte</span> <span class='ocrx_word' id='word_1_102' title='bbox 954 1785 1109 1845; x_wconf 87' lang='lat' dir='ltr'>columbae</span> <span class='ocrx_word' id='word_1_103' title='bbox 1163 1793 1167 1804; x_wconf 90' lang='lat'>&#39;</span> <span class='ocrx_word' id='word_1_104' title='bbox 1249 1814 1285 1850; x_wconf 65' lang='grc' dir='ltr'>ιφ</span> 
     </span>
     <span class='ocr_line' id='line_1_16' title="bbox 313 1875 1305 1950; baseline 0.006 -18"><span class='ocrx_word' id='word_1_105' title='bbox 313 1875 385 1950; x_wconf 95' lang='lat' dir='ltr'>Ipsa</span> <span class='ocrx_word' id='word_1_106' title='bbox 398 1875 453 1933; x_wconf 94' lang='lat' dir='ltr'>sub</span> <span class='ocrx_word' id='word_1_107' title='bbox 468 1879 519 1947; x_wconf 75' lang='lat' dir='ltr'>ora</span> <span class='ocrx_word' id='word_1_108' title='bbox 532 1875 587 1933; x_wconf 92' lang='lat' dir='ltr'>viri</span> <span class='ocrx_word' id='word_1_109' title='bbox 600 1875 677 1935; x_wconf 86' lang='lat' dir='ltr'>coeli</span> <span class='ocrx_word' id='word_1_110' title='bbox 689 1887 799 1936; x_wconf 84' lang='lat' dir='ltr'>venete</span> <span class='ocrx_word' id='word_1_111' title='bbox 812 1877 954 1950; x_wconf 86' lang='lat' dir='ltr'>volantes,</span> <span class='ocrx_word' id='word_1_112' title='bbox 1304 1889 1305 1894; x_wconf 76' lang='grc'>’</span> 
     </span>
     <span class='ocr_line' id='line_1_17' title="bbox 238 1952 1038 2028; baseline 0.004 -3"><span class='ocrx_word' id='word_1_113' title='bbox 238 1966 243 1975; x_wconf 92' lang='grc'>’</span> <span class='ocrx_word' id='word_1_114' title='bbox 315 1969 353 2026; x_wconf 90' lang='lat' dir='ltr'>Et</span> <span class='ocrx_word' id='word_1_115' title='bbox 366 1966 449 2026; x_wconf 90' lang='lat' dir='ltr'>viridi</span> <span class='ocrx_word' id='word_1_116' title='bbox 464 1952 567 2027; x_wconf 78' lang='lat' dir='ltr'>sedere</span> <span class='ocrx_word' id='word_1_117' title='bbox 582 1969 656 2028; x_wconf 89' lang='lat' dir='ltr'>solo.</span> <span class='ocrx_word' id='word_1_118' title='bbox 699 1971 778 2027; x_wconf 91' lang='lat' dir='ltr'>Tum</span> <span class='ocrx_word' id='word_1_119' title='bbox 788 1969 936 2028; x_wconf 67' lang='lat' dir='ltr'>maximus</span> <span class='ocrx_word' id='word_1_120' title='bbox 951 1970 1038 2028; x_wconf 85' lang='lat' dir='ltr'>he&#39;ros</span> 
     </span>
     <span class='ocr_line' id='line_1_18' title="bbox 314 2061 1040 2138; baseline 0.004 -20"><span class='ocrx_word' id='word_1_121' title='bbox 314 2062 467 2120; x_wconf 88' lang='lat' dir='ltr'>Matemas</span> <span class='ocrx_word' id='word_1_122' title='bbox 481 2061 615 2138; x_wconf 85' lang='lat' dir='ltr'>agnoscit</span> <span class='ocrx_word' id='word_1_123' title='bbox 625 2079 703 2134; x_wconf 88' lang='lat' dir='ltr'>aves,</span> <span class='ocrx_word' id='word_1_124' title='bbox 719 2062 873 2138; x_wconf 87' lang='lat' dir='ltr'>laetusque</span> <span class='ocrx_word' id='word_1_125' title='bbox 887 2071 1040 2138; x_wconf 87' lang='lat' dir='ltr'>precatur:</span> 
     </span>
     <span class='ocr_line' id='line_1_19' title="bbox 314 2153 1144 2232; baseline 0.004 -20"><span class='ocrx_word' id='word_1_126' title='bbox 314 2154 386 2212; x_wconf 85' lang='lat' dir='ltr'>Este</span> <span class='ocrx_word' id='word_1_127' title='bbox 401 2154 501 2226; x_wconf 90' lang='lat' dir='ltr'>duces,</span> <span class='ocrx_word' id='word_1_128' title='bbox 517 2172 545 2226; x_wconf 93' lang='lat' dir='ltr'>o,</span> <span class='ocrx_word' id='word_1_129' title='bbox 560 2153 586 2212; x_wconf 87' lang='lat' dir='ltr'>si</span> <span class='ocrx_word' id='word_1_130' title='bbox 600 2173 659 2230; x_wconf 93' lang='lat' dir='ltr'>qua</span> <span class='ocrx_word' id='word_1_131' title='bbox 671 2153 719 2213; x_wconf 90' lang='lat' dir='ltr'>via</span> <span class='ocrx_word' id='word_1_132' title='bbox 732 2165 786 2227; x_wconf 89' lang='lat' dir='ltr'>est,</span> <span class='ocrx_word' id='word_1_133' title='bbox 802 2172 979 2231; x_wconf 86' lang='lat' dir='ltr'>cursumque</span> <span class='ocrx_word' id='word_1_134' title='bbox 992 2173 1046 2232; x_wconf 90' lang='lat' dir='ltr'>per</span> <span class='ocrx_word' id='word_1_135' title='bbox 1059 2173 1144 2215; x_wconf 85' lang='lat' dir='ltr'>auras</span> 
     </span>
     <span class='ocr_line' id='line_1_20' title="bbox 314 2242 1283 2324; baseline 0 -20"><span class='ocrx_word' id='word_1_136' title='bbox 314 2246 439 2324; x_wconf 87' lang='lat' dir='ltr'>Dirigite</span> <span class='ocrx_word' id='word_1_137' title='bbox 453 2247 483 2304; x_wconf 92' lang='lat' dir='ltr'>in</span> <span class='ocrx_word' id='word_1_138' title='bbox 498 2246 589 2319; x_wconf 85' lang='lat' dir='ltr'>lucos,</span> <span class='ocrx_word' id='word_1_139' title='bbox 605 2246 656 2305; x_wconf 95' lang='lat' dir='ltr'>ubi</span> <span class='ocrx_word' id='word_1_140' title='bbox 669 2242 811 2324; x_wconf 76' lang='lat' dir='ltr'>pinguem</span> <span class='ocrx_word' id='word_1_141' title='bbox 825 2247 907 2306; x_wconf 89' lang='lat' dir='ltr'>dives</span> <span class='ocrx_word' id='word_1_142' title='bbox 922 2257 1029 2324; x_wconf 87' lang='lat' dir='ltr'>opacat</span> <span class='ocrx_word' id='word_1_143' title='bbox 1249 2277 1283 2316; x_wconf 82' lang='lat'>¹9⁵</span> 
     </span>
     <span class='ocr_line' id='line_1_21' title="bbox 314 2329 1155 2415; baseline 0.002 -17"><span class='ocrx_word' id='word_1_144' title='bbox 314 2339 427 2398; x_wconf 90' lang='lat' dir='ltr'>Ramus</span> <span class='ocrx_word' id='word_1_145' title='bbox 441 2339 569 2398; x_wconf 93' lang='lat' dir='ltr'>humum.</span> <span class='ocrx_word' id='word_1_146' title='bbox 613 2340 727 2415; x_wconf 90' lang='lat' dir='ltr'>Tuque,</span> <span class='ocrx_word' id='word_1_147' title='bbox 742 2360 771 2413; x_wconf 91' lang='lat' dir='ltr'>o,</span> <span class='ocrx_word' id='word_1_148' title='bbox 786 2339 884 2400; x_wconf 86' lang='lat' dir='ltr'>dubiis</span> <span class='ocrx_word' id='word_1_149' title='bbox 898 2358 936 2400; x_wconf 88' lang='lat' dir='ltr'>ue</span> <span class='ocrx_word' id='word_1_150' title='bbox 951 2341 1045 2401; x_wconf 88' lang='lat' dir='ltr'>defice</span> <span class='ocrx_word' id='word_1_151' title='bbox 1060 2329 1155 2415; x_wconf 78' lang='lat' dir='ltr'>rebus,</span> 
     </span>
     <span class='ocr_line' id='line_1_22' title="bbox 314 2431 995 2510; baseline 0.004 -20"><span class='ocrx_word' id='word_1_152' title='bbox 314 2432 391 2491; x_wconf 88' lang='lat' dir='ltr'>Diva</span> <span class='ocrx_word' id='word_1_153' title='bbox 404 2450 518 2508; x_wconf 89' lang='lat' dir='ltr'>parens.</span> <span class='ocrx_word' id='word_1_154' title='bbox 561 2431 610 2491; x_wconf 89' lang='lat' dir='ltr'>Sic</span> <span class='ocrx_word' id='word_1_155' title='bbox 623 2432 729 2492; x_wconf 84' lang='lat' dir='ltr'>effatus</span> <span class='ocrx_word' id='word_1_156' title='bbox 741 2432 866 2509; x_wconf 84' lang='lat' dir='ltr'>vestigia</span> <span class='ocrx_word' id='word_1_157' title='bbox 879 2432 995 2510; x_wconf 82' lang='lat' dir='ltr'>pressit,</span> 
     </span>
     <span class='ocr_line' id='line_1_23' title="bbox 314 2524 1159 2605; baseline -0.001 -20"><span class='ocrx_word' id='word_1_158' title='bbox 314 2526 493 2597; x_wconf 89' lang='lat' dir='ltr'>Observans,</span> <span class='ocrx_word' id='word_1_159' title='bbox 509 2542 585 2600; x_wconf 83' lang='lat' dir='ltr'>quae</span> <span class='ocrx_word' id='word_1_160' title='bbox 599 2524 684 2602; x_wconf 80' lang='lat' dir='ltr'>signa</span> <span class='ocrx_word' id='word_1_161' title='bbox 698 2525 801 2597; x_wconf 84' lang='lat' dir='ltr'>lerant,</span> <span class='ocrx_word' id='word_1_162' title='bbox 818 2542 877 2601; x_wconf 91' lang='lat' dir='ltr'>quo</span> <span class='ocrx_word' id='word_1_163' title='bbox 892 2526 1015 2585; x_wconf 90' lang='lat' dir='ltr'>tendere</span> <span class='ocrx_word' id='word_1_164' title='bbox 1029 2535 1159 2605; x_wconf 84' lang='lat' dir='ltr'>pergant.</span> 
     </span>
     <span class='ocr_line' id='line_1_24' title="bbox 314 2616 1219 2693; baseline 0.007 -18"><span class='ocrx_word' id='word_1_165' title='bbox 314 2620 474 2677; x_wconf 88' lang='lat' dir='ltr'>Pascentes</span> <span class='ocrx_word' id='word_1_166' title='bbox 487 2616 555 2676; x_wconf 84' lang='lat' dir='ltr'>illae</span> <span class='ocrx_word' id='word_1_167' title='bbox 568 2627 683 2675; x_wconf 87' lang='lat' dir='ltr'>tanturn</span> <span class='ocrx_word' id='word_1_168' title='bbox 696 2618 816 2693; x_wconf 82' lang='lat' dir='ltr'>prodire</span> <span class='ocrx_word' id='word_1_169' title='bbox 829 2618 967 2692; x_wconf 90' lang='lat' dir='ltr'>voland0,</span> <span class='ocrx_word' id='word_1_170' title='bbox 1217 2676 1219 2681; x_wconf 16' lang='grc' dir='ltr'><em>Α</em></span> 
     </span>
     <span class='ocr_line' id='line_1_25' title="bbox 313 2709 1283 2788; baseline -0.001 -20"><span class='ocrx_word' id='word_1_171' title='bbox 313 2711 465 2784; x_wconf 87' lang='lat' dir='ltr'>Quantum</span> <span class='ocrx_word' id='word_1_172' title='bbox 479 2709 543 2769; x_wconf 89' lang='lat' dir='ltr'>acie</span> <span class='ocrx_word' id='word_1_173' title='bbox 556 2720 680 2785; x_wconf 87' lang='lat' dir='ltr'>possent</span> <span class='ocrx_word' id='word_1_174' title='bbox 693 2709 772 2769; x_wconf 90' lang='lat' dir='ltr'>oculi</span> <span class='ocrx_word' id='word_1_175' title='bbox 786 2726 904 2775; x_wconf 83' lang='lat' dir='ltr'>servare</span> <span class='ocrx_word' id='word_1_176' title='bbox 917 2722 1101 2788; x_wconf 86' lang='lat' dir='ltr'>sequentum.</span> <span class='ocrx_word' id='word_1_177' title='bbox 1190 2730 1193 2735; x_wconf 70' lang='grc'>’</span> <span class='ocrx_word' id='word_1_178' title='bbox 1247 2740 1283 2767; x_wconf 78' lang='lat'>200</span> 
     </span>
     <span class='ocr_line' id='line_1_26' title="bbox 313 2802 1088 2880; baseline 0.003 -19"><span class='ocrx_word' id='word_1_179' title='bbox 313 2803 391 2861; x_wconf 89' lang='lat' dir='ltr'>Inde</span> <span class='ocrx_word' id='word_1_180' title='bbox 405 2802 455 2861; x_wconf 91' lang='lat' dir='ltr'>ubi</span> <span class='ocrx_word' id='word_1_181' title='bbox 469 2820 577 2861; x_wconf 89' lang='lat' dir='ltr'>venere</span> <span class='ocrx_word' id='word_1_182' title='bbox 591 2802 630 2860; x_wconf 94' lang='lat' dir='ltr'>ad</span> <span class='ocrx_word' id='word_1_183' title='bbox 643 2802 743 2861; x_wconf 81' lang='lat' dir='ltr'>fauces</span> <span class='ocrx_word' id='word_1_184' title='bbox 753 2802 959 2880; x_wconf 55' lang='lat' dir='ltr'>graveolentis,</span> <span class='ocrx_word' id='word_1_185' title='bbox 967 2804 1088 2877; x_wconf 87' lang='lat' dir='ltr'>Averni,</span> 
     </span>
     <span class='ocr_line' id='line_1_27' title="bbox 312 2895 1097 2973; baseline 0.004 -19"><span class='ocrx_word' id='word_1_186' title='bbox 312 2896 436 2954; x_wconf 90' lang='lat' dir='ltr'>Tollunt</span> <span class='ocrx_word' id='word_1_187' title='bbox 447 2914 481 2953; x_wconf 86' lang='lat' dir='ltr'>se</span> <span class='ocrx_word' id='word_1_188' title='bbox 495 2896 616 2967; x_wconf 83' lang='lat' dir='ltr'>celeres,</span> <span class='ocrx_word' id='word_1_189' title='bbox 631 2895 834 2971; x_wconf 89' lang='lat' dir='ltr'>liquidumque</span> <span class='ocrx_word' id='word_1_190' title='bbox 848 2914 902 2972; x_wconf 90' lang='lat' dir='ltr'>per</span> <span class='ocrx_word' id='word_1_191' title='bbox 915 2899 983 2956; x_wconf 70' lang='lat' dir='ltr'>aera</span> <span class='ocrx_word' id='word_1_192' title='bbox 997 2898 1097 2973; x_wconf 86' lang='lat' dir='ltr'>lapsae</span> 
     </span>
     <span class='ocr_line' id='line_1_28' title="bbox 314 2988 1057 3066; baseline 0.003 -19"><span class='ocrx_word' id='word_1_193' title='bbox 314 2988 441 3047; x_wconf 91' lang='lat' dir='ltr'>Sedibus</span> <span class='ocrx_word' id='word_1_194' title='bbox 455 2988 565 3064; x_wconf 89' lang='lat' dir='ltr'>optatis</span> <span class='ocrx_word' id='word_1_195' title='bbox 578 2988 713 3066; x_wconf 87' lang='lat' dir='ltr'>geminae</span> <span class='ocrx_word' id='word_1_196' title='bbox 726 3006 817 3065; x_wconf 90' lang='lat' dir='ltr'>super</span> <span class='ocrx_word' id='word_1_197' title='bbox 830 2989 935 3049; x_wconf 85' lang='lat' dir='ltr'>arbore</span> <span class='ocrx_word' id='word_1_198' title='bbox 949 2991 1057 3065; x_wconf 91' lang='lat' dir='ltr'>sidunt,</span> 
     </span>
     <span class='ocr_line' id='line_1_29' title="bbox 313 3081 1018 3157; baseline 0.006 -19"><span class='ocrx_word' id='word_1_199' title='bbox 313 3081 451 3139; x_wconf 90' lang='lat' dir='ltr'>Discolor</span> <span class='ocrx_word' id='word_1_200' title='bbox 465 3081 544 3139; x_wconf 92' lang='lat' dir='ltr'>unde</span> <span class='ocrx_word' id='word_1_201' title='bbox 559 3081 620 3139; x_wconf 90' lang='lat' dir='ltr'>auri</span> <span class='ocrx_word' id='word_1_202' title='bbox 635 3100 688 3157; x_wconf 90' lang='lat' dir='ltr'>per</span> <span class='ocrx_word' id='word_1_203' title='bbox 701 3100 799 3141; x_wconf 88' lang='lat' dir='ltr'>ramos</span> <span class='ocrx_word' id='word_1_204' title='bbox 813 3100 883 3141; x_wconf 85' lang='lat' dir='ltr'>aura</span> <span class='ocrx_word' id='word_1_205' title='bbox 897 3082 1018 3143; x_wconf 86' lang='lat' dir='ltr'>refulsit.</span> 
     </span>
     <span class='ocr_line' id='line_1_30' title="bbox 313 3174 1283 3253; baseline 0 -21"><span class='ocrx_word' id='word_1_206' title='bbox 313 3174 409 3247; x_wconf 84' lang='lat' dir='ltr'>Quale</span> <span class='ocrx_word' id='word_1_207' title='bbox 424 3174 501 3233; x_wconf 91' lang='lat' dir='ltr'>solet</span> <span class='ocrx_word' id='word_1_208' title='bbox 515 3174 596 3233; x_wconf 91' lang='lat' dir='ltr'>silvis</span> <span class='ocrx_word' id='word_1_209' title='bbox 609 3174 736 3234; x_wconf 90' lang='lat' dir='ltr'>brumali</span> <span class='ocrx_word' id='word_1_210' title='bbox 749 3175 856 3253; x_wconf 85' lang='lat' dir='ltr'>frigore</span> <span class='ocrx_word' id='word_1_211' title='bbox 870 3176 983 3235; x_wconf 87' lang='lat' dir='ltr'>viseum</span> <span class='ocrx_word' id='word_1_212' title='bbox 1247 3205 1283 3243; x_wconf 55' lang='grc' dir='ltr'>,ος</span> 
     </span>
     <span class='ocr_line' id='line_1_31' title="bbox 313 3266 1131 3343; baseline 0.004 -17"><span class='ocrx_word' id='word_1_213' title='bbox 313 3266 432 3326; x_wconf 82' lang='lat' dir='ltr'>Fronde</span> <span class='ocrx_word' id='word_1_214' title='bbox 446 3266 539 3326; x_wconf 89' lang='lat' dir='ltr'>virere</span> <span class='ocrx_word' id='word_1_215' title='bbox 552 3286 638 3339; x_wconf 89' lang='lat' dir='ltr'>nova,</span> <span class='ocrx_word' id='word_1_216' title='bbox 654 3268 735 3343; x_wconf 91' lang='lat' dir='ltr'>quod</span> <span class='ocrx_word' id='word_1_217' title='bbox 749 3286 811 3327; x_wconf 91' lang='lat' dir='ltr'>non</span> <span class='ocrx_word' id='word_1_218' title='bbox 826 3286 880 3329; x_wconf 89' lang='lat' dir='ltr'>sua</span> <span class='ocrx_word' id='word_1_219' title='bbox 893 3269 1022 3329; x_wconf 88' lang='lat' dir='ltr'>seminat</span> <span class='ocrx_word' id='word_1_220' title='bbox 1033 3268 1131 3342; x_wconf 86' lang='lat' dir='ltr'>arbos,</span> 
     </span>
     <span class='ocr_line' id='line_1_32' title="bbox 313 3360 1020 3422; baseline 0.003 -2"><span class='ocrx_word' id='word_1_221' title='bbox 313 3363 352 3420; x_wconf 93' lang='lat' dir='ltr'>Et</span> <span class='ocrx_word' id='word_1_222' title='bbox 366 3378 471 3419; x_wconf 85' lang='lat' dir='ltr'>crooeo</span> <span class='ocrx_word' id='word_1_223' title='bbox 485 3360 547 3420; x_wconf 84' lang='lat' dir='ltr'>fetu</span> <span class='ocrx_word' id='word_1_224' title='bbox 561 3370 670 3421; x_wconf 86' lang='lat' dir='ltr'>teretes</span> <span class='ocrx_word' id='word_1_225' title='bbox 683 3361 867 3421; x_wconf 85' lang='lat' dir='ltr'>circumdare</span> <span class='ocrx_word' id='word_1_226' title='bbox 881 3370 1020 3422; x_wconf 87' lang='lat' dir='ltr'>tmncos:</span> 
     </span>
     <span class='ocr_line' id='line_1_33' title="bbox 311 3453 963 3531; baseline 0.005 -20"><span class='ocrx_word' id='word_1_227' title='bbox 311 3453 394 3513; x_wconf 90' lang='lat' dir='ltr'>Talis</span> <span class='ocrx_word' id='word_1_228' title='bbox 409 3463 471 3512; x_wconf 89' lang='lat' dir='ltr'>erat</span> <span class='ocrx_word' id='word_1_229' title='bbox 485 3454 599 3530; x_wconf 89' lang='lat' dir='ltr'>species</span> <span class='ocrx_word' id='word_1_230' title='bbox 613 3454 675 3512; x_wconf 88' lang='lat' dir='ltr'>auri</span> <span class='ocrx_word' id='word_1_231' title='bbox 689 3454 855 3513; x_wconf 87' lang='lat' dir='ltr'>frondentis</span> <span class='ocrx_word' id='word_1_232' title='bbox 869 3472 963 3531; x_wconf 73' lang='lat' dir='ltr'>opaea</span> 
     </span>
     <span class='ocr_line' id='line_1_34' title="bbox 312 3545 951 3622; baseline 0.002 -18"><span class='ocrx_word' id='word_1_233' title='bbox 312 3546 395 3620; x_wconf 90' lang='lat' dir='ltr'>llice,</span> <span class='ocrx_word' id='word_1_234' title='bbox 412 3545 455 3605; x_wconf 94' lang='lat' dir='ltr'>sic</span> <span class='ocrx_word' id='word_1_235' title='bbox 469 3547 529 3605; x_wconf 90' lang='lat' dir='ltr'>leni</span> <span class='ocrx_word' id='word_1_236' title='bbox 543 3545 708 3622; x_wconf 90' lang='lat' dir='ltr'>crepitabat</span> <span class='ocrx_word' id='word_1_237' title='bbox 720 3546 841 3607; x_wconf 81' lang='lat' dir='ltr'>bractea</span> <span class='ocrx_word' id='word_1_238' title='bbox 853 3556 951 3606; x_wconf 91' lang='lat' dir='ltr'>vento.</span> 
     </span>
     <span class='ocr_line' id='line_1_35' title="bbox 312 3636 1061 3717; baseline -0.001 -17"><span class='ocrx_word' id='word_1_239' title='bbox 312 3639 440 3716; x_wconf 89' lang='lat' dir='ltr'>Corripit</span> <span class='ocrx_word' id='word_1_240' title='bbox 455 3641 573 3698; x_wconf 87' lang='lat' dir='ltr'>Aeneas</span> <span class='ocrx_word' id='word_1_241' title='bbox 587 3639 737 3715; x_wconf 87' lang='lat' dir='ltr'>extemplo</span> <span class='ocrx_word' id='word_1_242' title='bbox 747 3639 914 3715; x_wconf 86' lang='lat' dir='ltr'>avidusque</span> <span class='ocrx_word' id='word_1_243' title='bbox 928 3636 1061 3717; x_wconf 84' lang='lat' dir='ltr'>refringit</span> 
     </span>
     <span class='ocr_line' id='line_1_36' title="bbox 312 3730 1080 3808; baseline -0.001 -16"><span class='ocrx_word' id='word_1_244' title='bbox 312 3734 518 3804; x_wconf 87' lang='lat' dir='ltr'>Cunctantem,</span> <span class='ocrx_word' id='word_1_245' title='bbox 530 3740 564 3790; x_wconf 72' lang='lat' dir='ltr'>&#39;et</span> <span class='ocrx_word' id='word_1_246' title='bbox 577 3730 652 3791; x_wconf 85' lang='lat' dir='ltr'>vatis</span> <span class='ocrx_word' id='word_1_247' title='bbox 666 3741 763 3807; x_wconf 91' lang='lat' dir='ltr'>portat</span> <span class='ocrx_word' id='word_1_248' title='bbox 777 3732 832 3789; x_wconf 91' lang='lat' dir='ltr'>sub</span> <span class='ocrx_word' id='word_1_249' title='bbox 846 3741 926 3791; x_wconf 90' lang='lat' dir='ltr'>tecta</span> <span class='ocrx_word' id='word_1_250' title='bbox 941 3731 1080 3808; x_wconf 87' lang='lat' dir='ltr'>Sibyllae.</span> 
     </span>
     <span class='ocr_line' id='line_1_37' title="bbox 352 3822 1082 3885; baseline 0.001 -1"><span class='ocrx_word' id='word_1_251' title='bbox 352 3826 417 3884; x_wconf 91' lang='lat' dir='ltr'>Nec</span> <span class='ocrx_word' id='word_1_252' title='bbox 431 3824 528 3883; x_wconf 83' lang='lat' dir='ltr'>minus</span> <span class='ocrx_word' id='word_1_253' title='bbox 541 3823 652 3883; x_wconf 87' lang='lat' dir='ltr'>interea</span> <span class='ocrx_word' id='word_1_254' title='bbox 666 3822 816 3884; x_wconf 85' lang='lat' dir='ltr'>Misenum</span> <span class='ocrx_word' id='word_1_255' title='bbox 830 3822 861 3882; x_wconf 92' lang='lat' dir='ltr'>in</span> <span class='ocrx_word' id='word_1_256' title='bbox 875 3824 960 3885; x_wconf 89' lang='lat' dir='ltr'>litore</span> <span class='ocrx_word' id='word_1_257' title='bbox 974 3822 1082 3885; x_wconf 88' lang='lat' dir='ltr'>Teucri</span> 
     </span>
    </p>
   </div>
   <div class='ocr_carea' id='block_1_5' title="bbox 0 0 1514 4700">
    <p class='ocr_par' dir='ltr' id='par_1_7' title="bbox 0 0 1514 4700">
     <span class='ocr_line' id='line_1_38' title="bbox 0 0 1514 4700; baseline 0 1"><span class='ocrx_word' id='word_1_258' title='bbox 0 0 1514 4700; x_wconf 95' lang='lat' dir='ltr'> </span> 
     </span>
    </p>
   </div>
  </div>
 </body>
</html>
