3017 4700
556 402 728 464 nanninus
723 419 793 463 ma.
815 400 843 462 v'.
890 400 897 440 '-
1130 405 1184 464 adr
1200 403 1208 440 '²

219 567 330 644 Effugit
344 576 412 626 ante
427 563 502 624 alios
516 544 678 641 primisque
691 564 817 625 elabitur
829 563 917 625 undis

147 665 150 671 '
218 662 356 742 Turbam
365 659 440 718 inter
440 657 659 754 fremitumque
673 659 773 743 Gyas,
785 675 883 734 quern
887 630 1079 764 deynde
1022 657 1187 720 Cloanthus
1204 759 1206 765 ,

219 713 425 830 Consequitur,
440 723 545 810 melini
559 749 654 835 remis,
670 726 725 809 sed
734 751 870 837 ponder'e
884 770 996 832 pinus

218 847 320 906 Tarda
333 836 421 906 tedet.
466 846 538 903 Po'st
551 844 608 902 hos
622 861 719 919 aequo
733 841 902 908 discrimine
918 843 1018 903 Pristis
1202 921 1204 924 Ι

217 940 442 1014 'Centaurusque
457 937 557 996 locum
571 935 697 996 tendunt
711 953 848 1012 superare
862 935 1007 1039 priorem;
1049 943 1051 948 '
1153 963 1189 1002 15⁵
1204 951 1206 958 ’

219 1034 258 1092 Et
271 1051 351 1091 nunc
366 1029 469 1090 Pristis
482 1029 582 1109 habet,
597 1046 678 1087 nunc
690 1027 799 1087 victam
813 1027 957 1104 praetent.
965 1047 1068 1106 ingens

218 1127 393 1197 Centaurus,
408 1142 488 1182 nunc
501 1141 561 1180 una
574 1121 702 1180 ambae
689 1120 860 1199 yunctisque
875 1121 1005 1181 feruntur
1046 1155 1047 1158 =

218 1217 378 1277 Frontibus
392 1225 422 1276 et
434 1217 534 1292 longa
532 1215 655 1273 sulcant
666 1214 743 1272 vada
757 1213 833 1272 salsa
847 1212 953 1294 carina.
1072 1217 1074 1220 ’

217 1312 347 1387 Jamque
358 1309 598 1414 propinquabant
612 1307 736 1384 scopulo
749 1315 920 1383 metamque
933 1295 1084 1382 tenebant,

218 1405 320 1478 Quum
334 1402 470 1480 princeps
484 1401 642 1476 medioque
657 1398 760 1477 Gyas
751 1417 783 1457 1n
796 1399 908 1476 gurgite
922 1399 1016 1460 victor

219 1497 380 1555 Rectorem
394 1493 477 1553 navis
491 1494 651 1571 compellat
664 1511 738 1552 voce
753 1495 936 1552 Menoeten:
957 1509 960 1517 ¹

219 1590 288 1664 Quo
303 1599 416 1648 tantum
429 1586 502 1646 milri
516 1588 620 1646 dexter
632 1586 716 1646 abis?
736 1586 795 1645 huc
810 1585 901 1662 dirige
915 1605 1066 1666 gressum;

166 1694 169 1698 “
218 1681 302 1740 Litus
316 1683 396 1754 ama,
407 1691 437 1740 et
451 1682 550 1740 laevas
564 1680 687 1756 stringat
700 1679 764 1739 sine
778 1680 909 1756 palmula
923 1690 1044 1764 cautes;

219 1775 321 1834 Altum
337 1773 386 1833 alii
400 1783 528 1834 teneant.
571 1773 672 1847 Dixit,
693 1773 747 1832 sed
762 1791 852 1832 caeca
866 1775 1025 1833 Menoetes

218 1869 294 1928 Saxa
307 1867 414 1928 timens
428 1885 544 1944 proram
558 1865 655 1943 pelagi
669 1868 827 1943 detorquet
840 1867 878 1925 ad
894 1867 996 1925 undas.
1017 1891 1018 1896 ¹

219 1963 288 2036 Quo
303 1960 434 2044 diversus
448 1960 511 2020 abis
521 1960 665 2033 ?·iterum,
682 1963 754 2019 Pete
770 1979 847 2033 saxa,
865 1961 1025 2018 Menoete!

219 2049 297 2114 Cu‘rn
311 2054 438 2112 clamore
454 2055 534 2130 Gyas
547 2054 725 2127 revocabat,
744 2063 775 2112 et
789 2071 859 2112 ecce
875 2051 1056 2112 Cloanthum

219 2144 354 2222 Respicit
368 2145 525 2205 instantem
540 2155 630 2224 tergo,
646 2156 676 2206 et
688 2145 827 2222 propiora
841 2153 999 2204 tenentem.

219 2240 275 2298 Ille
289 2239 365 2298 inter
378 2240 543 2315 navemqu'e
557 2241 641 2316 Gyae
655 2239 852 2314 scopulosque
867 2246 1009 2296 sonantes

220 2331 312 2392 Radit
326 2332 380 2393 iter
393 2333 509 2392 laevum
524 2331 652 2405 interior,
667 2331 826 2408 subitoque
840 2330 967 2408 priorem

219 2426 362 2485 Praeterit
376 2435 405 2484 et
419 2426 506 2485 metis
520 2435 601 2484 tenet
615 2444 744 2501 aequora
758 2433 821 2484 tuta
834 2423 951 2483 relictis

218 2520 296 2577 Tum
311 2538 380 2577 vero
394 2518 500 2581 exarsit
512 2518 614 2595 juveni
628 2519 714 2578 dolor
727 2517 843 2577 ossibus
858 2517 969 2595 ingens,

218 2614 284 2672 Nec
299 2611 424 2671 lacrimis
438 2630 557 2671 caruere
570 2631 672 2689 genae,
689 2604 869 2690 segnemque
885 2614 1058 2685 Menoeten,

220 2704 337 2766 Oblitus
352 2704 526 2781 decorisque
541 2706 585 2764 sui
599 2704 774 2785 sociumque
788 2704 898 2778 salutis,

219 2800 256 2856 In
270 2817 350 2857 mare
364 2797 554 2877 praecipitem
568 2797 661 2875 puppi
675 2799 864 2858 deturbat-ab
880 2799 940 2857 alta
949 2819 957 2872 ;
1154 2822 1190 2863 ης
1294 2810 1298 2816 ’

219 2894 290 2968 Ipse
304 2892 484 2967 gubernaclo
499 2896 596 2950 rector
609 2890 695 2964 subit,
711 2890 775 2967 ipse
789 2890 934 2968 magister,

220 2986 423 3059 Hortaturque
437 2983 523 3057 viros,
539 2985 714 3061 clavumque
727 2984 766 3043 ad
781 2984 867 3044 litora
880 2994 1005 3060 torquet.

161 3072 164 3077 ’
219 3080 260 3137 At
273 3076 376 3153 gravis,
392 3085 426 3135 ut
438 3076 530 3135 fundo
544 3076 594 3135 vix
607 3078 728 3137 tandem
741 3074 873 3136 redditus
882 3076 948 3136 'imo
962 3086 1016 3150 est,

217 3171 285 3246 Jam
301 3168 400 3229 senior
413 3168 590 3245 madidaque
605 3170 699 3228 fluens
714 3169 744 3227 in
758 3180 842 3229 veste
857 3170 1015 3229 Menoetes

218 3264 340 3322 Summa
353 3260 426 3337 petit
440 3262 554 3339 scopuli
569 3262 706 3337 siccaque
720 3262 750 3319 in
766 3280 838 3338 rupe
852 3262 969 3321 resedit.
1146 3252 1191 3318 '1a0

219 3357 308 3413 Illum
323 3365 352 3414 et
366 3355 516 3414 labentem
530 3354 638 3414 Teucri
652 3364 683 3413 et
696 3352 785 3413 risere
799 3364 960 3429 natantem,

218 3450 257 3506 Et
271 3449 364 3507 salsos
378 3445 826 3523 ridentrevomentem'peetore
839 3448 952 3507 fluctus.

163 3527 166 3532 ¹
218 3540 280 3602 Hic
291 3542 371 3614 laeta
385 3540 523 3599 extremis
538 3558 605 3617 spes
620 3549 665 3599 est
679 3558 808 3599 accensa
822 3540 947 3613 duobus,

217 3637 353 3711 Sergesto
368 3632 585 3709 Mnestheique,
602 3634 688 3708 Gyan
702 3650 840 3708 superare
854 3643 1026 3693 morantem.

217 3728 367 3803 Sergestus
381 3724 461 3803 capit
474 3736 544 3786 ante
558 3726 656 3785 locum
671 3726 854 3802 scopuloque
869 3726 1056 3804 propinquat,
1154 3742 1209 3811 ress

218 3821 283 3879 Nec
298 3829 361 3880 tota
374 3830 474 3879 tamen
489 3820 538 3879 ille
552 3818 632 3896 prior
645 3830 805 3896 praeeunte
820 3819 938 3892 carina3
1019 3850 1020 3855 1
1066 3846 1074 3857 -’
1113 3850 1115 3853 ·
1200 3842 1207 3852 ’“
