3017 4700
325 430 364 484 40
659 427 684 469 P.
706 426 807 470 ovrnrr
829 425 963 470 unsours

327 573 414 631 Illam
428 589 489 632 non
503 570 570 632 udis
583 571 704 632 veniens
718 574 835 632 Aurora
848 571 961 648 capillis

327 667 502 726 Cessantem
515 664 597 739 vidit,
612 683 674 725 non
690 667 865 742 Hesperus;
885 664 936 724 illa
949 664 1064 724 duabus

326 758 528 818 Flammiferas
542 757 628 835 pinus
643 758 781 818 manibus
796 757 949 818 succendit
963 758 1002 817 ab
1017 760 1124 831 Aetna,

326 855 442 928 Perque
455 850 608 929 pruinosas
622 851 689 912 tulit
702 850 860 928 irrequieta
873 852 1029 925 tenebras3

327 947 451 1018 Rursus,
467 943 518 1004 ubi
532 945 611 1004 alma
624 944 687 1004 dies
701 945 856 1004 hebetarat
870 944 974 1018 sidera,
990 956 1090 1005 natam

328 1037 405 1098 Solis
420 1038 459 1098 ad
474 1055 596 1098 occasus
611 1036 682 1097 solis
697 1038 858 1113 quaerebat
872 1040 910 1098 ab
925 1048 999 1097 ortu.

327 1133 419 1191 Fessa
432 1131 532 1192 labore
546 1129 624 1190 sitim
639 1130 806 1208 collegerat,
822 1149 932 1206 oraque
946 1129 1020 1189 nulli

328 1225 500 1284 Colluerant
513 1225 618 1297 fontes,
635 1242 725 1300 quum
740 1233 850 1284 tectam
865 1223 1005 1283 stramine
1019 1222 1092 1283 vidit

327 1318 416 1377 Forte
430 1336 538 1392 casam,
554 1336 718 1394 parvasque
732 1317 810 1376 fores
824 1315 970 1393 pulsavit:
991 1315 1104 1376 atinde

328 1410 430 1483 Prodit
443 1430 526 1484 anus,
542 1410 700 1487 divamque
714 1409 804 1482 videt,
820 1410 1032 1487 lymphamque
1046 1409 1161 1486 roganti

328 1502 424 1562 Dulce
439 1503 529 1577 dedit,
545 1514 623 1563 tosta
637 1503 719 1580 quod
733 1512 852 1563 coxerat
867 1513 935 1562 ante
950 1502 1079 1578 polenta.

328 1596 409 1654 Dum
423 1595 499 1656 bibit
513 1595 563 1655 illa
577 1596 688 1670 datum,
704 1595 769 1655 duri
782 1614 856 1674 puer
869 1594 928 1654 oris
943 1605 972 1654 et
986 1596 1084 1655 audax

329 1687 470 1749 Constitit
485 1700 553 1749 ante
568 1689 664 1763 deam,
679 1688 800 1765 risitque
815 1687 992 1764 avidamque
1006 1689 1131 1748 vocavit.

328 1769 452 1841 Offensa
465 1792 518 1856 est,
533 1801 632 1860 neque
646 1781 742 1842 idhuc
757 1792 846 1858 epota
858 1791 942 1858 parte
956 1782 1128 1857 loquentem

329 1879 406 1938 Cum
421 1876 533 1954 liquido
548 1877 640 1938 mixta
653 1878 781 1954 perfudit
794 1877 864 1937 diva
876 1878 1005 1954 polenta

329 1969 482 2031 Combibit
496 1989 530 2031 os
544 1972 683 2044 maculas,
699 1981 736 2044 et,
753 1969 917 2047 quamodo
931 1969 1053 2030 brachia
1066 1971 1165 2046 gessit,

329 2062 422 2123 Crura
435 2063 510 2140 gerit
518 2086 527 2138 3
549 2064 644 2124 cauda
658 2075 702 2124 est
716 2062 837 2123 mutatis
851 2062 954 2123 addita
966 2062 1106 2124 membris
1117 2087 1126 2138 3
1151 2071 1154 2077 ’

329 2156 425 2232 Inque
440 2143 561 2218 brevem
575 2158 709 2231 formam,
724 2177 763 2217 ne
778 2156 816 2217 sit
829 2156 873 2217 vis
887 2175 996 2233 magna
1009 2156 1153 2230 nocendi,

329 2249 527 2323 Contrahitur‚
543 2269 692 2326 parvaque
706 2249 803 2310 minor
816 2268 954 2310 mensura
967 2251 1078 2310 lacerta
1091 2260 1143 2310 est.

329 2341 490 2403 Mirantem
503 2342 686 2420 flentemque
700 2355 730 2403 et
745 2354 865 2421 tangere
880 2354 1178 2421 monstraparautem

328 2435 415 2513 Fugit
429 2454 527 2509 anum,
543 2437 746 2512 latebramque
761 2435 836 2513 petit
850 2447 1012 2513 aptumque
1027 2437 1118 2498 colori

329 2530 449 2589 Nomen
462 2529 562 2601 habet,
577 2528 664 2588 variis
679 2530 811 2589 stellatus
826 2548 951 2606 corpora
963 2530 1061 2607 guttis.

369 2623 452 2696 Quas
467 2622 524 2681 dea
537 2640 591 2698 per
605 2633 695 2681 terras
710 2632 740 2681 et
754 2640 828 2699 quas
842 2622 978 2683 erraverit
991 2625 1095 2697 undas,

329 2714 437 2778 Dicere
451 2715 541 2791 longa
555 2733 638 2775 mora
651 2724 715 2774 est:
736 2714 889 2792 quaerenti
903 2714 996 2776 defuit
1010 2716 1097 2776 orbis.

329 2807 476 2868 Sicaniam
490 2807 604 2884 repetit,
620 2808 751 2885 dumque
765 2808 866 2869 omnia
876 2809 982 2901 lustrat
995 2809 1104 2884 eund0,

328 2900 420 2961 Venit
434 2914 463 2962 et
478 2901 516 2960 ad
531 2901 661 2979 Cyanen.
706 2902 759 2975 Ea,
774 2900 806 2959 ni
820 2912 933 2961 mutata
945 2901 1056 2975 fuisset,

330 2993 440 3056 Omnia
453 3004 617 3067 narrassem
637 2994 688 3054 sed
704 3004 734 3053 et
748 3013 782 3053 os
796 3005 826 3053 et
840 2995 940 3072 lingua
952 2993 1064 3055 volenti

329 3086 438 3147 Dicere
453 3078 514 3146 nori
528 3087 658 3160 aderant,
674 3106 730 3147 nec
745 3106 806 3164 quo
820 3088 989 3165 loqueretur
1001 3088 1138 3148 habebat.

329 3180 424 3257 Signa,
432 3189 531 3239 tamen
547 3179 701 3239 manifesta
715 3180 806 3254 dedit,
822 3191 983 3258 notamque
998 3180 1121 3259 parenti,

330 3274 389 3332 Illo
403 3273 478 3332 forte
492 3272 560 3333 loco
575 3273 727 3349 delapsam
742 3273 773 3331 in
787 3273 900 3350 gurgite
915 3294 1008 3348 sacro,

330 3365 536 3443 Persephones
551 3384 657 3425 zonam
672 3365 795 3425 summis
809 3367 940 3427 ostendit
954 3368 984 3426 in
999 3366 1095 3427 undis.
1267 3400 1304 3437 470

275 3520 278 3526 ,
331 3459 430 3533 Quam
445 3457 531 3517 simul
546 3458 673 3535 agnovit,
683 3470 875 3536 —tanquam
890 3470 952 3519 tum
966 3459 1095 3537 denique
1110 3470 1225 3538 raptam

330 3550 448 3625 Scisset,
457 3585 498 3594 —
506 3550 657 3611 inornatos
671 3551 794 3612 laniavit
808 3551 877 3612 diva
890 3553 1021 3629 capillos,

332 3646 371 3703 Et
384 3643 510 3721 repetita
523 3644 582 3704 suis
595 3644 740 3721 percussit
753 3656 875 3723 pectora
888 3644 1002 3723 palmis.

332 3739 398 3797 Nec
412 3736 467 3797 scit
482 3738 578 3797 adhuc
593 3738 644 3799 ubi
658 3738 696 3799 sit
704 3760 714 3813 ;
734 3750 825 3799 terras
839 3749 939 3799 tamen
954 3738 1087 3816 increpat
1100 3759 1214 3816 omnes,

332 3831 525 3909 Ingratasque
539 3842 628 3892 vocat
641 3852 696 3895 nec
711 3834 827 3911 frugum
840 3852 962 3893 munere
976 3832 1090 3911 dignas,
1266 3865 1303 3902 475
