3017 4700
556 405 736 448 GEORGICON
758 405 815 446 ΗΒ.
839 405 871 447 ll.

228 553 310 609 Arva
324 550 406 610 solo:
428 549 458 609 id
472 550 554 609 venti
568 560 672 610 curant
684 550 858 629 gelidaeque
872 547 996 626 pruinae

230 636 268 703 Et
282 644 428 702 labefacta
441 662 564 702 movens
571 644 717 702 ‘robustus
736 643 839 721 jugera
853 643 955 701 fossor.

229 739 278 809 At,
295 735 319 795 si
334 756 409 811 quos
423 737 503 794 haud
517 736 577 795 ulla
590 736 666 794 viros
680 733 831 812 vigilantia
843 734 925 812 fugit,
1166 749 1202 797 2⁶⁵

174 899 182 916 Ι
230 833 309 888 Ante
323 829 421 887 locum
436 828 559 888 similem
574 828 737 904 exquirunt,
751 827 803 886 ubi
817 827 911 904 prima
924 835 1043 903 paretur

230 921 394 980 Arboribus
409 940 501 998 seges,
517 933 547 980 et
561 941 620 997 quo
634 940 703 979 mox
717 919 832 997 digesta
846 919 963 992 feratur,

230 1015 377 1072 Mutatam
392 1014 529 1091 ignorent
543 1013 641 1072 subito
656 1032 694 1072 ne
708 1012 824 1072 semina
838 1016 977 1071 matrem

150 1107 159 1124 '
229 1106 310 1178 Quin
325 1107 412 1164 etiam
427 1107 504 1164 coeli
518 1106 669 1183 regionem
684 1105 715 1163 in
729 1104 840 1164 cortice
856 1103 982 1181 signant,
1043 1109 1045 1114 '

229 1200 281 1271 Ut,
297 1217 356 1274 quo
371 1217 506 1274 quaeque
519 1199 610 1257 modo
625 1198 746 1271 steterit,
763 1216 822 1273 qua
835 1207 918 1274 parte
933 1197 1045 1256 calores
1166 1227 1203 1264 270
1239 1223 1241 1232 i

229 1291 387 1350 Austrinos
401 1291 508 1364 tulerit,
525 1309 601 1366 quae
616 1299 699 1369 terga
713 1289 874 1350 obverterit
887 1288 942 1362 axi,

228 1383 417 1442 Restituant:
437 1384 513 1442 adeo
528 1384 558 1441 in
572 1383 683 1442 teneris
697 1397 892 1442 consuescere
907 1382 1031 1441 multum
1046 1391 1100 1442 est

229 1477 365 1536 Collibus
379 1496 415 1535 an
431 1473 521 1553 plan'o
535 1476 642 1536 melius
656 1476 695 1535 sit
708 1493 821 1552 ponere
832 1475 935 1548 uitem,

228 1558 345 1644 Quaere
360 1569 449 1646 prius,
493 1567 655 1646 Sipinguis
669 1588 757 1646 agros
771 1567 921 1627 metabere
935 1567 1041 1643 campi,
1082 1595 1086 1604 ·

229 1665 332 1722 Densa
345 1681 411 1721 sere
424 1684 433 1736 ;
453 1662 484 1719 in
498 1661 592 1720 denso
606 1680 667 1720 non
681 1661 802 1739 segnior
816 1661 907 1734 ubere
922 1660 1055 1720 Bacchus
1068 1682 1077 1735 ;

229 1756 280 1814 Sin
295 1755 417 1814 tumulis
431 1755 541 1814 acclive
556 1756 653 1814 solum
667 1754 818 1830 collesque
833 1754 966 1830 supinos,

228 1849 355 1926 Indulge
370 1847 531 1920 ordinibus,
546 1867 603 1907 nec
618 1848 713 1907 secius
728 1847 826 1906 omnis
841 1846 871 1905 in
885 1865 1014 1924 unguem

227 1940 391 2000 Arboribus
404 1941 509 2017 positis
524 1951 607 2000 secto
621 1941 668 1999 via
681 1940 774 1999 limite
789 1939 920 2016 quadret

227 2035 271 2093 Ut
285 2053 375 2110 saepe
388 2033 502 2112 ingenti
515 2034 595 2093 bello
610 2053 699 2110 quum
715 2035 804 2110 longa
819 2034 957 2092 cohortes

228 2127 376 2203 Explicuit
390 2127 477 2204 legi0,
492 2137 523 2186 et
537 2146 643 2204 campo
657 2127 739 2186 stetit
752 2145 859 2204 agmen
874 2135 986 2202 apert0‚

228 2220 425 2296 Directaeque
439 2219 527 2292 acies,
546 2239 581 2278 ac
595 2221 653 2278 late
667 2219 791 2278 fluctuat
804 2219 901 2278 omnis

227 2315 305 2372 Aere
319 2312 465 2373 renidenti
479 2313 575 2386 telluS,
592 2313 720 2372 necdum
734 2311 855 2371 horrida
867 2312 995 2371 miscent

227 2406 349 2478 Proelia,
365 2406 419 2465 sed
432 2406 539 2465 dubius
553 2406 658 2465 mediis
674 2408 758 2465 Mars
772 2416 850 2465 errat
865 2406 896 2463 in
911 2404 1001 2464 armis
1013 2426 1023 2479 3

227 2498 336 2557 Omnia
349 2499 409 2557 sint
422 2500 543 2575 paribus
557 2499 687 2558 numeris
701 2499 836 2559 dimensa
849 2498 981 2572 viarum,

226 2592 297 2649 Non
311 2590 441 2649 animum
454 2592 545 2650 modo
558 2591 601 2650 uti
615 2601 718 2667 pascat
732 2602 905 2669 prospectus
919 2586 1048 2664 inanem,

229 2684 288 2741 Sed
303 2684 447 2759 quianon
461 2684 546 2743 aliter
559 2684 636 2743 vires
651 2684 734 2744 dabit
748 2686 886 2745 omnibus
897 2690 1011 2762 'aequas

227 2777 328 2849 Terra,
344 2795 440 2852 neque
455 2775 485 2834 in
499 2795 624 2835 vacuum
638 2787 778 2853 poterunt
792 2796 824 2837 se
839 2778 999 2837 extendere
1014 2775 1095 2835 rami.

267 2869 403 2929 Forsitan
417 2880 448 2927 et
462 2870 617 2929 scrobibus
632 2890 707 2945 quae
722 2870 782 2930 sint
796 2871 912 2949 fastigia
926 2889 1059 2947 quaeras.

225 2963 332 3021 Ausim
345 2963 393 3021 vel
407 2962 489 3021 tenui
503 2962 594 3021 vitem
608 2964 792 3023 committere
808 2965 900 3023 sulco.

225 3056 323 3114 Altior
336 3074 372 3114 ac
385 3054 503 3131 penitus
517 3065 611 3115 terrae
624 3056 762 3133 defigitur
775 3056 872 3129 arbos,

225 3149 372 3218 Aesculus
386 3148 416 3206 in
430 3148 542 3225 primis,
558 3167 642 3223 quae,
658 3157 801 3224 quantum
815 3147 923 3207 vertice
938 3147 976 3207 ad
990 3167 1077 3209 auras

226 3241 392 3313 Aetherias,
408 3251 520 3300 tantum
535 3240 679 3299 radicein
693 3242 817 3299 Tartara
831 3240 933 3299 tendit.

226 3334 306 3410 Ergo
321 3352 381 3391 non
396 3333 508 3391 hiemes
522 3331 612 3404 illam,
629 3351 689 3390 non
702 3332 803 3405 flabra,
820 3350 917 3408 neque
932 3333 1040 3393 imbres

226 3426 426 3499 Convellunt;
446 3424 559 3483 inmota
572 3434 680 3497 manet,
695 3425 863 3501 multosque
877 3436 1011 3503 nepotes,

226 3519 324 3576 Multa
337 3518 430 3576 virum
445 3519 568 3579 volvens
582 3517 715 3577 durando
730 3520 848 3578 saecula
861 3519 971 3594 vincit,

225 3612 303 3668 Tum
318 3611 408 3669 fortes
422 3612 479 3678 late
492 3629 592 3671 ramos
606 3620 637 3669 et
649 3610 770 3669 brachia
783 3612 911 3671 tendens

227 3705 298 3762 Huc
312 3704 390 3777 illuc,
404 3704 503 3769 media
517 3703 582 3781 ipsa
595 3704 746 3782 ingentem
761 3704 886 3765 sustinet
899 3704 1042 3763 umbram.

267 3798 352 3856 Neve
367 3797 420 3857 tibi
435 3797 473 3857 ad
487 3797 581 3857 solem
594 3808 717 3877 vergant
730 3797 830 3857 vineta
843 3798 1005 3867 cadentem,
1013 3819 1023 3872 ,-
