3017 4700
305 361 364 415 224
436 375 440 381 ι
500 346 502 350 ’
620 354 963 404 1’.v11tc1L11MARouts

305 501 415 564 Omnia
428 503 567 580 praecepi
581 512 669 581 atque
683 505 783 564 animo
797 523 912 564 mecum
927 513 996 564 ante
1009 499 1119 584 peregi.
1241 532 1278 570 105

304 597 408 656 Unum
423 616 476 656 oro
490 619 496 655 :
517 597 637 674 quando
651 597 701 656 hic
714 597 822 656 inferni
832 597 1013 677 januaregis

305 689 422 748 Dicitur
435 699 466 748 et
478 690 637 750 tenebrosa
650 691 734 766 palus
750 691 920 750 Acheronte
930 692 1037 764 refuso,

305 784 354 842 Ire
368 783 407 841 ad
421 792 614 860 conspectum
629 783 689 842 cari
702 782 845 861 genitoris
859 793 889 843 et
902 802 954 843 ora

305 875 487 952 Contingat;
508 876 618 934 doceas
632 876 732 936 iteret
746 895 829 936 sacra
843 877 918 936 ostia
931 876 1054 953 pandas.

305 969 395 1026 Illum
409 987 466 1046 ego
480 987 535 1045 per
547 969 680 1028 flammas
694 978 725 1028 et
740 968 821 1029 mille
835 969 989 1046 sequentia
1003 969 1062 1028 tela

271 1085 276 1095 ·
306 1060 408 1138 Eripui
421 1061 469 1120 his
483 1060 620 1134 humeris,
636 1061 795 1137 medioque
809 1080 846 1121 ex
860 1063 946 1122 hoste
960 1060 1079 1138 recepi3
1107 1113 1109 1116 .

306 1154 363 1213 Ille
377 1173 475 1213 meum
490 1153 647 1214 comitatus
661 1155 717 1214 iter
729 1153 821 1213 maria
836 1153 935 1214 omnia
949 1173 1065 1214 mecum

261 1300 263 1305 ⁴
305 1249 405 1322 Atque
420 1265 525 1306 omnes
538 1246 696 1324 pelagique
710 1247 807 1306 minas
822 1247 957 1323 coelique
970 1246 1092 1320 ferebat,

252 1385 256 1392 .
306 1339 468 1413 Invalidus,
484 1339 561 1398 vires
574 1340 653 1398 ultra
664 1350 832 1416 sortemque
847 1349 992 1400 senectae.
1054 1363 1057 1368 ·

306 1431 398 1507 Quin,
413 1442 445 1490 ut
458 1441 488 1490 te
503 1432 629 1508 supplex
643 1442 776 1508 peterem
791 1442 821 1492 et
835 1442 885 1492 tua
898 1432 1000 1492 limina
1014 1433 1133 1504 adirem,
1244 1454 1280 1491 11⁵

306 1523 394 1582 Idem
408 1543 497 1583 orans
510 1524 651 1583 mandata
665 1525 763 1584 dabat
807 1525 936 1601 Natique
950 1525 1108 1601 patrisque,

307 1617 403 1690 Alma,
420 1635 532 1692 precor,
548 1617 830 1694 miserere-potes
845 1637 973 1693 namque
987 1618 1096 1690 omnia,
1113 1626 1212 1676 necte

307 1708 517 1786 Nequidquam
530 1709 605 1769 lucis
620 1712 737 1770 Hecate
752 1710 893 1786 praefecit
907 1709 1033 1770 Avernis
1042 1744 1083 1754 -

308 1801 340 1860 Si
353 1802 450 1878 potuit
465 1803 573 1861 Manes
586 1821 737 1862 arcessere
751 1803 887 1881 conjugis
902 1803 1047 1880 Orpheus,

306 1895 445 1954 Threicia
459 1895 552 1954 fretus
566 1895 679 1954 cithara
691 1895 861 1972 fidibusque
875 1896 1000 1968 canoris,

308 1987 340 2047 Si
353 1989 473 2047 fratrem
488 1988 595 2046 Pollux
608 1988 723 2048 alterna
737 1997 832 2048 morte
846 1989 979 2061 redemit,

307 2081 395 2155 Itque
410 2079 546 2154 reditque
559 2079 637 2138 viam
651 2079 748 2139 toties.
792 2078 873 2154 Quid
885 2079 1013 2152 Thesea,
1029 2097 1168 2156 magnum

307 2172 389 2248 Quid
403 2189 565 2231 memorem
579 2167 728 2232 Alciden?
748 2181 779 2231 et
791 2172 833 2230 tni
846 2189 941 2250 genus
955 2172 993 2230 ab
1007 2173 1081 2247 Jove
1096 2188 1218 2229 summo.

346 2265 471 2324 Talibus
485 2265 590 2324 orabat
604 2264 700 2337 dictis,
715 2282 840 2340 arasque
854 2265 983 2337 tenebat,

306 2361 384 2419 Cum
399 2359 442 2418 sic
456 2377 524 2417 orsa
538 2356 620 2433 loqui
633 2367 736 2417 vates:
758 2359 827 2417 Sate
842 2357 985 2435 sanguine
1000 2355 1108 2429 divum,
1173 2392 1175 2398 ·
1245 2378 1280 2417 υς

305 2453 384 2510 Tros
399 2450 590 2522 Anchisiade,
606 2449 701 2509 facilis
715 2450 879 2509 descensus
895 2452 1016 2508 Averno
1023 2471 1032 2523 5

306 2545 419 2602 Noctes
434 2553 523 2619 atque
537 2543 603 2601 dies
616 2551 699 2617 patet
712 2540 768 2601 atri
779 2542 870 2619 janua
885 2542 963 2601 Ditis
975 2564 985 2616 ;

307 2633 368 2693 Sed
382 2651 521 2691 revocare
535 2633 658 2709 gradum
672 2646 854 2708 superasque
869 2632 994 2691 evadere
1008 2630 1047 2691 ad
1061 2648 1153 2703 auras,

306 2728 379 2785 Hoc
392 2745 477 2801 opus,
493 2725 641 2792 hiclabor
654 2735 708 2786 est.
751 2724 851 2797 Pauci,
867 2743 942 2800 quos
956 2742 1068 2800 aequus
1082 2722 1190 2782 amavit

305 2817 451 2895 Juppiter,
466 2827 517 2877 aut
531 2819 639 2877 ardens
654 2818 752 2878 evexit
765 2818 805 2877 ad
819 2818 939 2877 aethera
952 2817 1053 2889 virtus,
1244 2840 1281 2876 1³0

306 2912 363 2970 Dis
377 2910 470 2988 geniti
483 2919 615 2986 potuere.
658 2913 778 2971 Tenent
786 2906 890 2971 'media
904 2910 1005 2971 omnia
1019 2909 1118 2982 silvae,

306 3006 496 3088 chytojque
510 3002 575 3062 sinu
591 3004 695 3064 labens
710 3004 902 3068 circumvenit
915 3012 987 3063 atro.

336 3078 398 3155 uod
412 3094 437 3155 si
451 3106 550 3155 tantus
564 3116 647 3156 amor
660 3098 762 3172 menti,
778 3098 804 3158 si
819 3106 901 3157 tanta
915 3095 1024 3173 cupido
1039 3102 1092 3167 est,

306 3190 356 3249 Bis
371 3188 488 3267 Stygios
501 3189 604 3249 innare
618 3191 709 3264 lacus,
724 3192 771 3251 bis
786 3192 869 3271 nigra
882 3189 983 3250 videre

300 3283 437 3354 Tartara,
453 3291 483 3341 et
496 3282 601 3342 insano
611 3283 695 3361 juvat
708 3284 862 3361 indulgere
878 3283 982 3356 labori,
1226 3320 1229 3329 ·
1244 3300 1280 3339 us

306 3375 428 3451 Accipe,
445 3394 520 3451 quae
533 3376 703 3453 peragenda
715 3376 805 3451 prius.
848 3378 937 3436 Latet
950 3376 1054 3435 arbore
1069 3391 1163 3451 opaca

306 3470 423 3526 Aureus
437 3476 468 3526 et
481 3467 559 3527 soliis
573 3478 604 3528 et
616 3469 700 3527 lento
713 3467 824 3526 vimine
838 3486 944 3539 ramus,

304 3560 417 3637 Junoni
431 3560 562 3619 infernae
576 3559 674 3618 dichrs
688 3578 773 3618 sacer
786 3580 794 3631 ;
813 3560 893 3617 hunc
906 3557 980 3635 tegit
993 3556 1088 3615 omnis

307 3655 405 3712 Lucus
420 3662 450 3712 et
463 3651 755 3711 obscurisclaudunt
767 3650 949 3709 convallibus
964 3648 1091 3708 umbrae.
1110 3666 1123 3687 ι’
1196 3663 1232 3691 ὐ
1251 3664 1255 3676 “

307 3745 365 3805 Sed
379 3764 440 3804 non
454 3733 523 3804 ante
537 3744 624 3804 datur
637 3743 750 3803 telluris
765 3742 869 3819 operta
882 3741 989 3814 subire,
