3017 4700
1222 237 1265 346 t

535 427 744 472 maranorum
768 427 826 470 ura.
848 427 879 469 rc
1156 429 1193 491 53

221 576 336 648 Mutua,
353 574 425 633 dum
440 572 530 648 licuit,
545 574 712 636 reddebant
725 573 814 650 dicta,
829 575 973 649 valeque,

222 667 249 728 O
265 669 390 744 conjux!
414 666 514 730 dixere
529 667 623 740 simul,
640 667 726 727 simul
742 667 843 727 abdita
856 666 929 727 texit
1158 698 1194 735 πο

221 762 282 820 Ora
296 761 398 820 frutex.
443 760 583 821 Ostendit
596 761 694 820 adhuc
708 759 858 838 Tyaneius
871 760 932 820 illic

222 853 326 912 Incola
340 854 378 913 de
392 854 513 930 gemino
527 853 641 914 vicinos
656 871 780 930 corpore
794 864 923 912 truncos.

225 949 309 1005 Haec
323 945 396 1004 mihi
410 966 471 1007 non
486 946 668 1006 vani-nec
684 957 746 1006 erat
759 964 812 1005 cur
825 946 925 1005 fallere
939 946 1099 1009 vellent-
1208 966 1211 973 ’

221 1041 249 1096 N
252 1058 383 1098 arravere
399 1059 503 1113 senes5
524 1039 663 1116 equidem
678 1037 841 1115 pendentia
852 1037 914 1098 vidi

220 1132 303 1191 Serta
316 1149 405 1208 super
418 1151 524 1207 ramos
540 1151 715 1208 ponensque
729 1130 860 1191 recentia
875 1129 955 1192 dixi:
1157 1164 1193 1202 ⁷²⁵

221 1225 300 1286 Cura
314 1223 355 1302 pii
370 1224 425 1284 Dis
440 1236 515 1299 sunt,
532 1235 570 1299 et,
586 1224 637 1301 qui
650 1226 777 1298 coluere,
792 1225 937 1285 coluntur.

299 1314 317 1347 ἢ
458 1315 475 1348 'k
616 1315 633 1348 il·
775 1315 792 1347 ὕ
931 1315 949 1348 ⁴}

593 1683 739 1742 LIBER
768 1683 811 1742 X.

219 1883 302 1940 Inna
316 1900 369 1959 per
382 1880 560 1942 immensum
574 1900 681 1942 croceo
695 1883 809 1942 velatus
824 1882 935 1942 amictu

219 1976 299 2033 Aera
313 1975 473 2052 digreditur
487 1974 694 2051 Ciconumque
710 1977 904 2054 Hymenaeus
918 1973 957 2034 ad
972 1992 1038 2035 oras

218 2067 337 2142 Tendit,
353 2078 383 2128 et
397 2069 518 2145 Orphea
532 2067 730 2144 nequicquam
744 2087 819 2128 voce
832 2078 962 2128 vocatur.

217 2160 310 2220 Affuit
324 2161 373 2220 ille
388 2161 527 2237 quidem3
548 2162 600 2220 sed
615 2180 671 2220 nec
686 2160 831 2220 sollennia
844 2163 936 2220 verba

218 2255 284 2312 Nec
298 2255 392 2314 laetos
406 2255 504 2314 vultus
518 2273 573 2314 nec
588 2254 658 2312 selix
671 2253 769 2314 attulit
782 2273 892 2328 omen;
1180 2282 1191 2319 s

218 2347 243 2406 F
244 2368 281 2406 ax
296 2359 424 2425 quoque,
440 2366 530 2425 quam
544 2346 646 2421 tenuit,
662 2345 819 2407 lacrimoso
834 2345 956 2407 stridula
969 2347 1052 2407 sumo

218 2442 324 2517 Usque
338 2441 392 2501 fuit
406 2443 561 2517 nullosque
575 2440 688 2500 invenit
701 2441 832 2501 motibus
845 2440 938 2518 ignes.

218 2533 320 2593 Exitus
333 2534 465 2611 auspicio
479 2534 611 2611 gravior:
632 2553 702 2593 nam
716 2545 811 2611 nupta
823 2553 877 2611 per
890 2534 999 2593 herbas

217 2628 299 2685 Dum
313 2646 392 2687 nova
405 2626 555 2687 Naiadum
569 2628 655 2687 turba
669 2627 810 2687 comitata
820 2638 949 2704 vagatur,

218 2720 336 2780 Occidit
350 2720 381 2779 in
397 2722 487 2781 talum
503 2719 646 2797 serpentis
660 2721 750 2781 dente
765 2732 894 2797 recepto.

217 2814 315 2888 Quam
330 2812 399 2872 satis
414 2814 451 2872 ad
467 2832 586 2890 superas
600 2823 760 2891 postquam
775 2813 972 2890 Rhodopeius
987 2830 1072 2873 auras

217 2906 346 2966 Deflevit
359 2916 449 2979 vates,
465 2925 503 2966 ne
516 2925 579 2965 non
593 2916 719 2967 tentaret
734 2918 764 2966 et
777 2909 906 2981 umbras,

119 3015 122 3019 ·
217 3000 267 3058 Ad
282 3001 371 3076 Styga
385 2998 531 3059 Taenaria
545 3010 590 3059 est
604 3019 691 3059 ausus
707 3000 889 3060 descendere
904 3010 998 3077 porta,

218 3094 332 3169 Perque
347 3092 426 3153 leves
440 3094 567 3169 populos
582 3088 796 3169 simulacraque
811 3093 912 3152 functa
929 3091 1071 3169 sepulcris

218 3186 429 3261 Persephonen
445 3184 517 3245 adiit
531 3185 748 3262 inamoenaque
763 3204 852 3262 regna
866 3196 1018 3245 tenentem
1167 3215 1190 3251 ις

217 3278 397 3337 Umbrarum
412 3277 574 3351 dominum,
590 3278 741 3355 pulsisque
756 3279 795 3337 ad
808 3279 940 3339 carmina
953 3279 1051 3339 nervis

216 3369 263 3429 Sic
279 3369 337 3429 ait:
359 3370 387 3430 Ο
402 3370 491 3447 positi
506 3370 561 3429 sub
575 3382 651 3430 terra
665 3371 788 3431 numina
801 3372 913 3445 mundi,

216 3466 253 3522 In
269 3482 358 3539 quem
373 3462 537 3523 decidimus
552 3463 695 3541 quicquid
708 3466 832 3525 mortale
847 3484 988 3539 creamur,

215 3556 245 3616 Si
261 3556 331 3616 licet
346 3567 376 3615 et
389 3555 455 3615 falsi
471 3555 573 3633 positis
587 3556 762 3633 ambagibus
776 3556 835 3617 oris

214 3650 314 3709 Verba
328 3648 411 3726 loqui
426 3647 528 3722 sinitis,
544 3668 606 3709 non
620 3650 687 3722 huc,
702 3660 735 3709 ut
749 3669 845 3726 opaca
858 3649 988 3711 viderem

215 3742 345 3816 Tartara,
361 3741 512 3816 descendi,
528 3761 584 3803 nec
598 3741 641 3803 uti
655 3741 760 3802 villosa
773 3744 901 3803 colubris

215 3836 314 3897 Tema
328 3835 487 3897 Medusaei
501 3834 641 3897 vincirem
656 3846 774 3914 guttura
787 3836 932 3897 monstri:
