3017 4700
345 401 403 456 ²40
641 393 668 440 Ρ.
689 397 823 440 vinoun
846 397 988 442 unaours

343 545 505 604 Lustrabat
518 541 617 605 studio
631 543 776 618 recolens,
792 562 970 620 omnemque
985 561 1102 603 suorum

303 636 306 640 ’
343 639 434 697 Forte
448 639 622 697 recensebat
636 655 793 696 numerum
807 655 951 713 carosque
966 647 1099 714 nepotes,

343 731 477 806 Fataque
490 729 680 812 fortunasque
694 730 789 789 virum
805 748 961 806 moresque
976 748 1148 806 manusque.

344 824 436 900 Isque
451 822 503 882 ubi
516 823 690 882 tendentem
704 822 862 882 adversum
876 840 930 899 per
943 822 1077 900 gramina
1090 822 1165 884 vidit

344 918 479 990 Aenean,
495 915 600 975 alacris
614 916 727 993 palmas
741 925 882 991 utrasque
896 915 1030 989 tetendit,

344 999 523 1085 Effusaeque
537 1009 624 1087 genis
639 1007 786 1082 lacrimae,
802 1017 832 1068 et
846 1027 904 1067 vox
917 1007 1027 1067 excidit
1042 1027 1112 1068 ore:
1137 999 1144 1012 '
1213 1033 1218 1044 ·

342 1101 461 1162 Venisti
475 1102 606 1177 tandem,
621 1111 732 1178 tuaque
745 1109 920 1178 exspectata
933 1100 1048 1178 parenti

343 1194 424 1255 Vicit
438 1194 494 1255 iter
507 1195 613 1254 durum
626 1195 743 1273 pietas?
764 1195 851 1255 datur
864 1214 917 1256 ora
930 1195 1013 1269 tueri,

344 1291 433 1363 Nate,
449 1299 508 1362 tua,
524 1299 555 1349 et
567 1299 654 1350 notas
668 1289 771 1350 audire
786 1300 817 1350 et
830 1289 955 1350 reddere
969 1291 1083 1349 voces?

343 1382 392 1444 Sic
407 1381 546 1459 equidem
561 1382 708 1442 ducebam
722 1383 823 1442 animo
837 1384 982 1459 rebarque
996 1382 1135 1455 futurum,

343 1477 495 1553 Tempora
509 1473 709 1549 dinumerans,
725 1494 781 1534 nec
796 1494 843 1535 me
859 1494 925 1534 mea
938 1495 1009 1536 cura
1023 1473 1132 1534 fefellit.

345 1569 429 1643 Quas
443 1587 500 1647 ego
514 1577 544 1627 te
558 1578 651 1628 terras
665 1579 695 1627 et
709 1578 821 1645 quanta
834 1587 889 1646 per
902 1587 1032 1645 aequora
1045 1577 1163 1627 vectum

314 1680 320 1691 ·
345 1660 489 1738 Accipio!
511 1661 630 1737 quantis
642 1662 794 1738 jactatum,
811 1672 888 1736 nate,
904 1661 1041 1739 periclis!

345 1754 444 1829 Quam
458 1754 558 1827 metui,
574 1772 612 1813 ne
627 1753 699 1830 quid
714 1754 826 1831 Libyae
841 1753 895 1813 tibi
909 1773 1000 1833 regna
1014 1762 1156 1813 nocerent
1168 1757 1174 1798 ¹

345 1847 403 1907 Ille
417 1858 536 1907 autem:
556 1848 622 1906 Tua
635 1866 692 1921 me,
707 1846 832 1924 genitor,
848 1857 898 1907 tua
911 1847 1002 1907 tristis
1016 1845 1123 1926 imag0,

347 1941 473 2018 Saepius
488 1958 654 2014 occurrens,
670 1940 745 1999 haec
759 1937 862 2000 limina
876 1940 999 2000 tendere
1013 1939 1134 2017 adegit;

346 2034 433 2094 Stant
446 2035 509 2095 sale
524 2035 680 2112 Tyrrheno
694 2034 816 2113 classes
860 2035 908 2092 Da
919 2034 1043 2111 jungere
1059 2032 1201 2106 dextram,

345 2127 403 2200 Da,
418 2127 544 2205 genitor,
560 2138 648 2205 teque
662 2127 802 2204 amplexu
816 2145 854 2186 ne
869 2125 1007 2185 subtrahe
1022 2135 1133 2186 nostro.
1284 2157 1287 2164 ⁴

345 2220 394 2280 Sic
408 2238 578 2280 memorans
592 2221 674 2298 largo
688 2219 760 2279 fletu
775 2220 863 2280 simul
877 2238 929 2279 ora
943 2218 1065 2298 rigabat.
1129 2213 1132 2220 ’
1207 2207 1209 2212 ’

345 2314 407 2373 Ter
420 2324 546 2374 conatus
560 2314 602 2374 ibi
617 2313 694 2373 collo
709 2313 780 2373 dare
794 2312 916 2373 brachia
930 2311 1048 2386 circum,

344 2408 406 2466 Ter
419 2406 525 2466 frustra
538 2425 715 2484 comprensa
728 2426 833 2465 manus
848 2406 950 2485 effugit
963 2406 1070 2485 imago,

348 2502 407 2559 Par
420 2498 536 2558 levibus
550 2498 647 2560 ventis
660 2498 831 2575 volucrique
846 2498 995 2559 simillima
1009 2516 1123 2560 somno.

387 2591 508 2649 Interea
521 2589 602 2649 videt
616 2592 735 2649 Aeneas
749 2589 780 2647 in
794 2589 871 2649 valle
885 2589 1008 2649 reducta

347 2682 504 2743 Seclusum
518 2700 624 2741 nemus
639 2692 669 2741 et
684 2683 811 2761 virgulta
825 2682 960 2742 sonantia
975 2681 1063 2756 silvie,
1103 2758 1106 2767 Δ

346 2774 580 2850 Lethaeumque‚
597 2774 703 2834 domos
717 2776 851 2854 placidas
865 2775 915 2852 qui
929 2778 1090 2852 praenotat,
1107 2793 1232 2835 amnem.
1298 2800 1311 2827 0

347 2870 441 2927 Hunc
455 2867 565 2927 circum
580 2868 753 2928 innumerae
766 2878 871 2948 gentes
885 2870 1046 2947 populique
1060 2869 1202 2929 volabant

347 2963 394 3020 Ac
408 2959 534 3038 velutin
549 2960 641 3037 pratis
655 2962 706 3021 ubi
720 2981 794 3040 apes
808 2973 919 3023 aestate
934 2979 1040 3021 serena
1136 2969 1139 2975 ’
1212 2960 1214 2963 ’

345 3053 484 3113 Floribus
498 3052 631 3113 insidunt
644 3054 741 3129 variis,
751 3049 787 3114 'et
801 3056 929 3116 candida
943 3055 1053 3115 circum

346 3146 425 3206 Lilia
439 3146 619 3221 funduntur;
640 3148 745 3235 strepit
758 3148 855 3208 omnis
870 3167 1017 3207 murmure
1031 3165 1162 3231 campus.

348 3239 507 3299 Horrescit
519 3240 584 3299 visu
598 3240 705 3314 subito,
714 3259 900 3319 caussasque
914 3236 1036 3318 requirit

347 3332 465 3392 Inscius
480 3335 608 3406 Aeneas,
624 3328 700 3410 quae
714 3333 774 3394 sint
788 3354 825 3395 ea
837 3335 961 3395 flumina
973 3352 1070 3412 porro,

348 3426 446 3501 Quive
459 3426 514 3486 viri
528 3436 612 3485 tanto
626 3428 804 3504 complerint
817 3427 934 3506 agmine
948 3428 1035 3504 ripas.

347 3520 426 3578 Tum
439 3529 524 3597 pater
537 3519 685 3579 Anchises
698 3542 704 3578 :
724 3521 860 3595 Animae,
876 3520 982 3597 quibus
996 3522 1088 3581 altera
1101 3518 1162 3581 fato

348 3613 482 3690 Corpora
496 3612 650 3685 debentur,
666 3614 790 3672 Lethaei
804 3613 843 3672 ad
857 3613 985 3672 fluminis
998 3613 1109 3672 undam
1133 3664 1135 3671 ,
1161 3674 1163 3680 ,
1179 3666 1198 3693 ¹,

348 3707 474 3764 Securos
487 3705 590 3764 latices
605 3714 635 3763 et
648 3705 738 3784 longa
751 3705 861 3781 oblivia
874 3715 987 3783 potant.
1021 3697 1028 3725 ³
1085 3718 1089 3727 ’
1113 3708 1115 3731 ¹
1137 3702 1140 3734 ¹
1161 3693 1165 3713 ’

349 3799 417 3857 Has
431 3797 571 3873 equidem
586 3804 749 3858 memorare
763 3798 818 3858 tibi
831 3808 920 3875 atque
933 3799 1092 3863 ostendere
1106 3816 1214 3871 coram,
