3017 4700
246 429 251 438 ·
296 407 351 461 142
609 403 636 447 Ρ.
658 402 790 446 vrncrnrr
812 401 953 446 mnnours

293 550 382 609 Visus
395 549 501 610 adesse
515 548 596 624 mihi,
611 549 768 627 largosque
783 548 935 608 effundere
951 547 1046 620 fletus,

293 643 441 719 Raptatus
455 643 541 721 bigis,
556 652 590 702 ut
603 643 764 719 quondam,
780 651 901 718 aterque
916 650 1037 700 cruento

293 736 428 809 Pulvere,
443 753 554 812 perque
568 736 662 812 pedes
675 735 816 813 trajectus
831 735 893 794 lora
907 743 1064 793 tumentes.

293 829 357 888 Hei
370 828 451 900 mihi,
466 827 561 904 qualis
575 831 655 888 erat!
677 837 820 904 quantum
835 836 964 887 mutatus
978 825 1017 886 ab
1031 825 1085 886 illo

221 932 230 950 ‘
293 924 437 995 Hectore,
453 922 504 999 qui
517 922 594 982 redit
607 920 726 980 exuvias
740 919 862 980 indutus
877 919 996 994 Achilli,

291 1014 351 1074 Vel
366 1015 503 1074 Danaum
519 1014 663 1093 Phrygios
680 1013 827 1092 jaculatus
841 1013 992 1090 puppibus
1006 1013 1089 1090 ignes
1103 1016 1110 1072 l
1125 1011 1134 1026 “

293 1109 487 1186 Squalentem
501 1107 624 1166 barbam
638 1116 669 1166 et
682 1116 840 1166 concretos
854 1107 1000 1185 sanguine
1015 1109 1111 1170 crines

291 1201 483 1277 Vulneraque
497 1201 548 1259 illa
560 1218 674 1276 gerens,
690 1217 768 1275 quae
782 1197 891 1260 circum
905 1200 1031 1277 plurima
1044 1221 1144 1264 muros

293 1294 421 1371 Accepit
435 1292 553 1370 patrios
597 1293 686 1353 Ultro
699 1292 775 1352 flens
790 1293 854 1370 ipse
868 1293 991 1354 videbar

293 1387 483 1465 Compellare
497 1386 592 1445 virum
606 1394 636 1445 et
649 1395 779 1446 maestas
794 1405 967 1463 expromere
980 1406 1090 1448 voces:

292 1482 321 1542 Ο
336 1482 387 1540 lux
401 1478 579 1552 Dardaniae,
595 1497 667 1556 spes
680 1498 699 1538 o
713 1479 859 1539 fidissima
873 1482 1031 1555 Teucrum,

293 1575 380 1648 Quae
394 1585 495 1634 tantae
509 1582 632 1632 tenuere
646 1574 766 1632 morae?
787 1573 894 1649 quibus
910 1575 1025 1633 Hector
1038 1574 1077 1634 ab
1091 1575 1150 1636 oris

293 1667 474 1744 Exspectate
487 1666 593 1726 venis?
613 1675 646 1726 ut
660 1675 690 1725 te
704 1675 774 1742 post
788 1666 881 1726 multa
895 1675 1013 1726 tuorum

293 1761 418 1833 Funera,
433 1769 502 1837 post
514 1760 612 1820 varios
626 1758 839 1835 hominmnque
853 1757 995 1836 urbisque
1010 1759 1126 1822 labores

293 1852 415 1912 Defessi
429 1851 625 1929 adspicimus!
648 1871 725 1929 quae
738 1870 845 1911 caussa
858 1851 981 1930 indigna
994 1871 1116 1914 serenos

294 1945 439 2006 Foedavit
452 1947 571 2007 vultus?
592 1954 643 2004 aut
655 1963 708 2004 cur
721 1945 798 2004 haec
811 1944 935 2004 vulnera
948 1948 1060 2006 cerno?

294 2037 352 2098 Ille
366 2038 448 2112 nihil,
464 2057 520 2098 nec
533 2056 583 2097 me
597 2046 790 2115 quaerentem
803 2056 887 2112 vana¹
895 2049 1033 2112 moratur,

294 2132 355 2192 Sed
369 2130 497 2211 graviter
510 2131 638 2210 gemitus
651 2129 712 2191 imo
727 2130 765 2190 de
779 2138 902 2206 pectore
917 2130 1040 2206 ducens,

294 2227 368 2285 Heu
381 2225 458 2304 fuge,
474 2233 543 2284 nate
556 2224 622 2297 dea,
638 2234 727 2300 teque
741 2221 798 2295 hie,
814 2219 863 2294 ait,
880 2220 963 2299 eripe
976 2223 1110 2284 flammis.

294 2318 403 2381 Hostis
417 2318 507 2378 habet
520 2335 641 2391 muros3
661 2316 719 2375 ruit
732 2314 795 2376 alto
808 2333 827 2375 a
840 2315 971 2387 culmine
985 2317 1085 2394 Troja.

293 2416 346 2474 Sat
358 2412 471 2490 patriae
487 2411 664 2485 Priamoque
677 2408 798 2469 datum:
819 2406 845 2467 si
861 2410 1006 2487 Pergama
1019 2410 1122 2471 dextra

294 2506 427 2565 Delendi
440 2515 573 2582 possent,
588 2502 679 2563 etiam
692 2503 750 2563 hac
765 2502 890 2561 defensa
903 2502 1028 2565 fuissent
1041 2527 1047 2565 :

295 2600 386 2659 Sacra
400 2616 530 2673 suosque
544 2596 598 2656 tibi
612 2596 805 2657 commendat
818 2597 909 2675 Troja
923 2600 1070 2659 Penates:

295 2693 366 2751 Hos
380 2710 454 2768 cape
468 2691 594 2749 fatorum
607 2687 742 2762 comites,
758 2687 806 2747 his
820 2689 940 2749 moenia
953 2709 1061 2768 quaere

295 2786 418 2862 Magna,
434 2792 585 2860 pererrato
599 2792 712 2843 statues
725 2800 803 2857 quae
818 2782 947 2860 denique
961 2794 1063 2861 pontu.
1236 2814 1271 2852 ης

296 2877 346 2937 Sic
360 2876 408 2951 ait,
424 2886 455 2936 et
468 2876 606 2935 manibus
619 2873 709 2935 vittas
721 2876 907 2953 Vestamque
921 2886 1075 2953 potentem

294 2974 518 3045 Aeternumque
531 2968 629 3047 adytis
643 2969 726 3028 effert
738 2969 942 3046 penetralibus
956 2969 1064 3047 ignem.

337 3064 465 3123 Diverso
479 3062 594 3122 interea
606 3062 769 3123 miscentur
783 3062 902 3123 moenia
916 3062 1005 3137 luctu,

296 3158 336 3215 Et
349 3154 443 3233 magis
458 3164 547 3232 atque
561 3155 664 3233 magis,
680 3174 861 3232 quamquam
876 3164 991 3215 secreta
1003 3155 1136 3233 parentis

236 3316 240 3319 ,
295 3248 446 3308 Anchisae
460 3248 568 3307 domus
581 3248 795 3325 arboribusque
810 3249 932 3311 obtecta
946 3248 1078 3323 recessit,
1237 3276 1273 3315 ³00

295 3341 474 3402 Clarescunt
487 3341 612 3416 sonitus,
627 3360 835 3419 armorumque
849 3341 960 3431 ipgrpit
973 3343 1084 3403 horror.

297 3433 439 3495 Excutior
451 3453 567 3507 somno,
582 3444 613 3494 et
626 3435 735 3495 summi
748 3434 865 3513 fastigia
878 3435 949 3496 tecti

296 3530 436 3587 Ascensu
450 3545 566 3604 supero,
582 3536 672 3604 atque
685 3528 808 3589 arrectis
823 3527 941 3587 auribus
955 3528 1042 3589 adsto
1059 3550 1066 3587 :

296 3622 336 3680 In
350 3629 481 3700 segetem
494 3618 586 3681 v'eluti
599 3639 691 3697 quum
704 3621 825 3681 flamma
838 3620 1004 3681 furentibus
1019 3619 1125 3681 austris

297 3713 418 3786 Incidit,
429 3703 485 3808 put
498 3714 619 3803 rapidus
633 3723 777 3773 montano
791 3714 912 3773 flumine
926 3724 1044 3775 torrens
1238 3739 1274 3777 aes

298 3806 412 3868 Sternit
425 3824 522 3885 agros,
538 3805 643 3867 sternit
656 3816 720 3868 sata
732 3806 812 3867 laeta
825 3806 978 3884 boumque
991 3806 1117 3881 labores,
