3017 4700
329 867 382 964 P.
414 865 755 962 VIRGILII
795 869 1069 966 MARON
1084 873 1148 968 IS

641 1131 830 1199 Annius.
891 1209 893 1214 ,

687 1350 787 1387 -μ

627 1519 846 1578 LIBERI.

252 1680 349 1738 Anni
362 1677 515 1756 virumque
529 1697 614 1753 cano,
629 1681 737 1759 Trojae
751 1679 802 1756 qui
816 1679 926 1757 primus
940 1683 978 1743 ab
994 1683 1054 1744 oris

251 1771 376 1846 Italiam,
392 1773 453 1832 fato
467 1773 615 1849 profugus,
632 1772 804 1850 Lavinaque
816 1774 898 1834 venit

251 1864 361 1938 Litora,
376 1866 499 1924 multum
514 1864 562 1925 ille
577 1875 607 1925 et
621 1865 703 1925 terris
715 1867 842 1942 jactatus
856 1878 886 1928 et
900 1869 960 1944 alto

250 1957 290 2016 Vi
304 1977 450 2034 superum,
467 1977 571 2017 saevae
585 1976 746 2017 memorem
757 1958 882 2035 Junonis
897 1961 937 2019 ob
951 1959 1032 2034 iram,

251 2050 349 2111 Multa
363 2070 481 2127 quoque
496 2062 526 2111 et
539 2051 619 2111 bello
632 2069 745 2127 passus,
762 2051 833 2110 dum
847 2053 987 2113 conderet
1001 2054 1112 2128 urbem,
1211 2085 1222 2124 ς
1302 2053 1327 2136 ”33¹

251 2145 434 2220 Inferretque
448 2144 521 2204 deos
536 2143 630 2216 Latio,
645 2162 738 2220 genus
752 2144 831 2204 unde
847 2144 983 2204 Latinum

250 2237 418 2314 Albanique
432 2247 531 2313 patres
545 2246 633 2312 atque
648 2237 725 2296 altae
738 2235 856 2296 moenia
871 2238 993 2298 Romae.

291 2331 389 2403 Musa,
404 2329 476 2389 mihi
490 2347 608 2390 caussas
621 2347 760 2403 memora,
777 2349 837 2406 quo
851 2329 970 2390 numine
983 2331 1073 2406 laes0,

251 2422 368 2499 Quidve
383 2424 496 2497 dolens,
511 2422 613 2500 regina
626 2423 713 2482 deum
728 2434 773 2483 tot
787 2424 904 2485 volvere
918 2443 1002 2484 casus

250 2516 401 2593 Insignem
415 2516 525 2594 pietate
538 2515 641 2589 virum,
656 2526 701 2576 tot
715 2517 796 2576 adire
811 2518 926 2576 iabores
976 2503 981 2529 ¹

251 2610 411 2687 Impulerit
453 2611 606 2669 Tantaene
621 2609 726 2669 animis
740 2610 917 2670 coelestibus
932 2608 1012 2672 irae?

289 2704 370 2763 Urbs
383 2702 505 2780 antiqua
518 2703 580 2777 fuit,
595 2703 677 2781 Tyrii
692 2714 812 2763 tenuere
826 2703 934 2778 coloni,

250 2799 411 2874 Karthago,
428 2798 545 2856 Italiam
558 2807 663 2856 contra
676 2796 875 2873 Tiberinaque
888 2799 976 2875 longe

249 2890 342 2964 Ostia,
358 2890 441 2950 dives
456 2908 546 2966 opum
561 2889 724 2967 studiisque
738 2890 897 2967 asperrima
910 2889 999 2965 belli3

248 2984 347 3058 Quam
360 2986 440 3061 Juno
454 2984 543 3043 fertur
555 2984 639 3043 terris
653 2982 746 3061 magis
761 2984 898 3043 omnibus
912 3004 1011 3043 unam'

248 3076 422 3136 Posthabita
435 3075 561 3136 coluisse
575 3078 682 3151 Samo;
703 3075 752 3136 hic
766 3076 842 3135 illius
857 3094 944 3150 arma,

249 3170 310 3240 Hic
324 3189 424 3230 currus
438 3168 510 3243 fuit3
530 3169 588 3229 hoc
602 3188 723 3246 reguum
737 3169 795 3229 dea
808 3169 943 3245 gentibus
957 3188 1030 3245 esse,

249 3263 280 3322 Si
295 3283 354 3340 qua
367 3264 426 3323 sata
441 3262 545 3335 sinant,
560 3264 621 3339 jam
636 3273 697 3321 tum
711 3261 866 3337 tenditque
880 3262 1025 3338 fovetque.

247 3355 422 3433 Progeniem
436 3356 489 3415 sed
504 3354 582 3415 euim
597 3356 729 3431 Trojano
742 3374 761 3413 a
775 3354 916 3431 sanguine
930 3356 998 3415 duci

246 3448 397 3523 Audierat,
412 3448 516 3525 Tyrias
530 3449 601 3508 olim
616 3467 692 3523 quae
706 3458 831 3508 verteret
844 3466 925 3507 arces
936 3470 945 3522 3

216 3617 220 3622 Ι
247 3543 329 3603 Hinc
342 3544 486 3619 populum
499 3541 823 3626 lateregembelloque
838 3542 996 3617 superbum
1081 3553 1083 3557 ’

245 3637 410 3695 Venturum
423 3634 556 3694 exscidia
569 3633 682 3711 Libyae
695 3655 701 3692 :
721 3632 764 3693 sic
777 3635 895 3693 volvere
910 3634 1025 3693 Parcas.

246 3729 283 3788 Id
297 3714 432 3788 metuens
445 3727 610 3803 veterisque
624 3744 737 3786 memor
751 3727 888 3786 Saturnia
900 3726 979 3798 belli,

246 3820 344 3881 Prima
357 3821 437 3898 quod
453 3821 490 3880 ad
504 3821 625 3900 Trojam
638 3837 693 3897 pro
706 3817 781 3879 caris
794 3830 923 3897 gesserat
936 3816 1023 3894 Argis
1031 3850 1072 3861 -

443 3914 456 3954 r
