3017 4700
286 386 323 442 60
424 397 964 458 u1².ovibunnsomsnrarmroarrr.
988 401 1044 445 urs.
1068 404 1111 446 xr.
1151 444 1158 471 Ι

285 542 407 602 Liberat
420 541 593 602 arboribus:
614 560 724 618 quercu
738 561 824 604 coma
838 545 955 604 caerula
968 555 1083 607 tanturn

286 636 430 713 Cingitur,
447 645 477 694 et
491 635 625 712 p'endent
639 636 749 695 circum
763 655 837 696 cava
851 647 984 714 tempora
996 641 1129 718 glandes.

287 732 377 804 Isque
391 729 481 787 deum
494 727 610 805 pecoris
624 738 772 804 spectans,
789 733 826 788 In
845 731 952 806 judice,
968 732 1049 806 dixit,

287 823 377 880 Nulla
391 841 474 881 mora
488 831 542 880 est.
587 822 717 881 Calamis
731 823 896 900 agrestibus
910 822 1028 884 insonat
1042 826 1100 899 ille,

287 915 503 991 Barbaricoque
519 915 786 974 Midan—aderat
800 935 868 974 nam
882 917 956 976 sorte
970 920 1139 978 canenti—

287 1009 425 1069 Carmine
441 1008 560 1068 delenit.
605 1010 678 1068 Post
692 1009 772 1066 hunc
786 1027 870 1068 sacer
883 1029 935 1070 ora
949 1012 1067 1071 retorsit

286 1103 411 1162 Tmolus
425 1102 463 1161 ad
478 1121 512 1162 os
528 1101 643 1160 Phoebi
657 1124 663 1160 ε
682 1103 795 1161 vultum
809 1121 864 1161 sua
877 1103 952 1162 silva
965 1116 1068 1166 secuta
1082 1118 1135 1166 est.

288 1195 352 1268 Ille,
367 1205 456 1271 caput
470 1194 579 1254 flatum
593 1195 676 1252 lauro
691 1195 853 1254 Parnaside
866 1196 991 1270 vinctus
1213 1184 1217 1190 ¹

287 1287 385 1348 Verrit
399 1290 520 1346 humum
535 1286 625 1365 Tyrio
640 1297 769 1345 saturata
781 1289 892 1348 murice
906 1289 994 1366 palla,

192 1420 200 1440 ,
288 1383 529 1457 Distinctamque
544 1381 636 1458 lyram
650 1379 775 1456 gemmis
789 1391 820 1439 et
833 1381 973 1443 dentibus
988 1383 1073 1443 Indis

290 1473 433 1534 Sustinuit
447 1474 539 1547 laeva,
555 1473 650 1532 tenuit
663 1492 769 1532 manus
783 1474 873 1532 altera
887 1475 1039 1550 plectrum.

289 1567 419 1626 Artificis
434 1576 528 1627 status
541 1565 604 1642 ipse
617 1566 680 1625 fuit.
714 1566 793 1624 Turn
807 1567 933 1626 stamina
947 1568 1037 1628 docto

289 1659 401 1719 Pollice
413 1660 575 1722 sollicitat:
596 1677 721 1735 quorum
735 1642 894 1718 dulcedine
908 1671 1012 1737 captus

290 1755 372 1812 Pana
390 1753 475 1831 jubet
488 1753 613 1812 Tmolus
628 1750 758 1810 citharae
773 1752 944 1812 submittere
958 1773 1078 1815 cannas.

284 1846 438 1924 ¹Judicium
453 1845 606 1920 sanctique
621 1843 720 1921 placet
734 1845 882 1905 sententia
895 1846 1004 1906 montis

291 1939 437 1999 Omnibus
448 1961 457 2012 3
477 1938 606 2016 arguitur
620 1947 720 1996 tamen
735 1947 825 2013 atque
838 1937 947 2016 injusta
960 1950 1082 1999 vocatur

290 2032 390 2090 Unius
405 2050 541 2091 sermone
556 2030 667 2089 Midae.
711 2031 778 2088 Nec
794 2030 898 2090 Delius
912 2051 998 2091 aures

291 2126 463 2182 Humanam
478 2124 601 2183 stolidas
616 2123 726 2200 patitur
740 2122 866 2183 retinere
878 2124 1022 2202 figuram3

292 2217 351 2276 Sed
366 2217 454 2276 trahit
468 2217 499 2275 in
514 2218 650 2294 spatium,
666 2215 802 2292 villisque
816 2209 984 2276 albentibus
999 2218 1110 2295 implet,

292 2311 512 2387 Instabilesque
527 2311 586 2370 imo
601 2308 670 2369 facit
684 2319 715 2368 et
729 2308 782 2368 dat
794 2327 885 2386 posse
899 2309 1020 2371 moveri.

292 2407 399 2465 Cetera
414 2415 482 2463 sunt
496 2404 643 2477 hominis3
664 2412 778 2478 partem
793 2402 949 2462 damnatur
962 2405 992 2463 in
1007 2424 1104 2479 unam,

292 2498 487 2573 induiturque
502 2515 586 2555 aures
601 2498 680 2556 lente
694 2496 858 2573 gradientis
872 2498 964 2556 aselli.

333 2591 391 2649 Ille
403 2590 524 2665 quidem
539 2589 623 2661 celat,
640 2589 777 2665 turpique
792 2599 914 2649 onerata
928 2590 1040 2666 pudore

292 2685 442 2761 Tempora
455 2681 608 2759 purpureis
624 2690 717 2741 tentat
731 2683 829 2741 velare
844 2682 945 2757 tiaris;

295 2777 354 2836 Sed
369 2776 472 2835 solitus
487 2776 593 2853 longos
608 2775 685 2834 ferro
699 2794 832 2834 resecare
846 2777 969 2851 capillos

292 2870 418 2929 Viderat
431 2870 489 2927 hoc
503 2864 638 2926 famulus,
682 2868 741 2941 Qui
757 2888 846 2943 quum
861 2887 918 2927 nec
932 2868 1059 2945 prodere
1073 2870 1169 2929 visum

294 2964 434 3022 Dedecus
449 2962 579 3033 auderet,
595 2960 717 3035 cupiens
732 2960 834 3019 efferre
849 2961 905 3020 sub
919 2980 1013 3034 auras,

294 3058 365 3114 Nec
374 3063 476 3131 posset
490 3054 613 3111 reticere
625 3062 733 3126 tamen,
750 3054 863 3113 secedit
876 3056 1057 3131 humumque

294 3148 407 3207 Effodit
421 3157 459 3219 et,
475 3146 589 3205 domini
603 3147 705 3221 quales
720 3147 889 3223 adspexerit
902 3167 997 3221 aures,

293 3244 378 3300 Voce
394 3242 482 3299 refert
495 3258 593 3316 parva,
609 3248 763 3315 terraeque
777 3240 979 3299 immurmurat
993 3242 1136 3315 haustae,

295 3334 504 3409 Indiciumque
519 3352 589 3393 suae
603 3332 685 3393 vocis
699 3333 804 3391 tellure
819 3343 935 3411 regesta

295 3428 411 3499 Obruit,
427 3437 457 3485 et
471 3426 626 3485 scrobibus
641 3426 746 3485 tacitus
761 3426 889 3485 discedit
902 3426 1019 3503 opertis.

296 3521 408 3581 Creber
423 3518 616 3579 arundinibus
631 3518 764 3577 tremulis
777 3518 819 3577 ibi
834 3537 952 3597 surgere
966 3520 1050 3578 lucus

296 3614 405 3690 Coepit
419 3622 457 3684 et,
473 3621 506 3671 ut
519 3610 645 3689 primum
660 3611 750 3687 pleno
765 3612 904 3687 maturuit
917 3630 1000 3684 aev0‚
1061 3687 1063 3691 Ι

297 3706 432 3765 Prodidit
446 3704 605 3783 agricolam
619 3726 624 3762 :
645 3702 705 3763 leni
720 3722 789 3762 narn
803 3713 901 3763 motus
915 3704 953 3764 ab
967 3706 1077 3763 Austro

297 3800 412 3858 Obruta
426 3798 515 3855 verba
528 3797 615 3855 refert
629 3795 801 3871 dominique
815 3796 948 3873 coarguit
962 3814 1056 3854 aures.

326 3885 330 3894 ’
396 3889 415 3926 u
554 3887 572 3925 u
712 3886 730 3924 s
870 3887 889 3925 u
1028 3886 1047 3923 s
