3017 4700
570 444 728 488 AENEIDOS
751 444 808 488 LlB.
833 445 853 490 1.

225 589 343 668 Impius
358 600 427 649 ante
441 607 506 649 aras
520 597 610 667 atque
625 589 686 650 auri
700 609 806 652 caecus
821 610 921 652 amore

225 684 315 746 Clam
329 684 404 743 semo
418 682 570 744 incautum
587 695 713 761 superat,
729 703 848 744 securus
863 703 998 746 amorum

116 791 132 829 ··
225 780 414 850 Germanae3
435 777 604 854 factumque
619 776 670 838 diu
684 777 798 852 celavit,
815 788 844 838 et
859 797 983 855 aegram,

225 871 326 929 Multa
339 870 435 929 malus
449 869 599 944 simulans,
613 890 691 931 vana
704 890 757 948 spe
772 871 841 931 lusit
855 882 1011 932 amantem.

225 967 299 1040 Ipsa
313 962 412 1023 sedin
427 962 539 1022 somnis
553 962 699 1023 inhumati
712 965 795 1024 venit
808 964 907 1043 imago
1007 929 1026 986 s

224 1057 381 1133 Conjugis,
398 1075 450 1116 ora
463 1055 560 1115 modis
575 1057 713 1116 attollens
727 1057 839 1133 pallida
852 1057 951 1133 miris,

224 1150 369 1210 Crudeles
384 1169 449 1209 aras
463 1149 644 1229 trajectoque
658 1160 780 1226 pectora
794 1151 870 1210 ferro
912 1160 917 1168 “
973 1202 977 1208 .

224 1242 367 1316 Nudavit‚
384 1262 566 1319 caecumque
581 1243 688 1302 domus
702 1244 798 1304 scelus
813 1263 902 1304 omne
915 1233 1027 1304 retexit.
1132 1254 1138 1265 '

222 1339 304 1396 Turn
318 1338 446 1396 celerare
461 1337 559 1413 fugam
574 1335 726 1413 patriaque
740 1338 883 1398 excedere
898 1339 1010 1412 suadet,
1082 1335 1084 1339 ’

223 1429 435 1506 Auxilinmque
450 1428 515 1488 viae
529 1439 643 1489 veteres
657 1430 761 1490 tellure
775 1429 900 1491 recludit

83 1555 90 1571 ι
116 1587 124 1602 ,
222 1522 401 1596 Thesauros,
416 1521 552 1600 ignotum
565 1522 679 1598 argenti
693 1524 816 1599 pondus*
826 1534 856 1584 et
870 1523 941 1584 auri.

224 1615 285 1675 His
299 1627 450 1675 commota
464 1616 562 1692 fugam
577 1614 661 1675 Dido
676 1615 834 1694 sociosque
849 1619 979 1694 parabat.

223 1708 423 1782 Conveniunt,
440 1708 547 1785 quibus
562 1718 612 1768 aut
626 1709 729 1768 odium
743 1711 862 1770 crudele
877 1710 991 1788 tyranni

224 1805 288 1862 Aut
302 1811 398 1861 metus
413 1821 480 1862 acer
494 1812 575 1877 erat;
595 1821 694 1876 naves,
711 1820 787 1879 quae
802 1803 876 1863 forte
890 1814 1017 1880 paratae,

225 1894 405 1972 Corripiunt,
422 1906 605 1971 onerantque
619 1914 709 1969 auro;
729 1906 884 1972 portantur
898 1894 978 1956 avari

224 1987 426 2065 Pygmalionis
440 2007 513 2065 opes
527 1990 652 2065 pelag03
673 1987 733 2047 dux
747 1988 857 2048 femina
870 1988 948 2049 facti.

224 2084 381 2141 Devenere
395 2084 486 2155 locos,
502 2081 553 2140 ubi
566 2100 646 2140 nunc
660 2080 792 2157 ingentia
805 2073 900 2141 c'ernis
968 2137 973 2149 ,

224 2173 349 2234 Moenia
362 2172 588 2250 surgentemque
603 2192 699 2233 novae
714 2174 905 2251 Karthaginis
920 2193 1025 2250 arcem,

118 2338 121 2344 ³
223 2267 409 2344 Mercatique
424 2269 529 2342 solum,
545 2267 615 2328 facti
629 2267 667 2328 de
681 2266 802 2328 nomine
817 2270 945 2346 Byrsam,

223 2362 355 2422 Taurino
370 2373 513 2438 quantum
527 2374 650 2439 possent
664 2361 845 2423 circumdare
858 2373 949 2440 tergo.

223 2457 282 2516 Sed
297 2475 351 2516 vos
365 2456 416 2532 qui
430 2456 560 2529 tandem,
576 2455 683 2532 quibus
697 2467 748 2515 aut
762 2455 881 2516 venistis
896 2458 934 2516 ab
949 2456 1015 2531 orio,

180 2577 184 2586 κ
223 2550 331 2624 Quove
345 2550 452 2608 tenetis
466 2548 540 2608 iter?
582 2548 743 2623 Quaerenti
758 2549 864 2610 talibus
878 2550 927 2610 ille

223 2641 378 2719 Suspirans
393 2642 512 2717 imoque
526 2642 646 2701 trahens
660 2662 679 2701 a
692 2654 811 2720 pectore
826 2662 950 2705 vocem:

262 2736 291 2795 Ο
306 2736 371 2806 dea,
388 2734 412 2793 si
426 2733 520 2811 prima
533 2746 671 2811 repetens
685 2738 723 2797 ab
739 2736 850 2814 origine
865 2757 994 2815 pergam,

223 2830 262 2887 Et
276 2838 362 2887 vacet
376 2827 497 2887 annales
511 2838 680 2887 nostrorum
694 2829 795 2890 audire
810 2832 954 2904 laborum,

221 2923 302 2981 Ante
317 2920 396 2981 diem
411 2922 511 2981 clauso
525 2933 687 2997 componat
700 2924 817 3001 Vesper
832 2925 971 3001 Olympo.

222 3017 288 3074 Nos
302 3016 394 3090 Troja
408 3014 538 3090 antiqua,
554 3014 578 3073 si
592 3025 702 3075 vestras
715 3016 791 3076 forte
807 3035 860 3093 per
875 3034 959 3076 aures

222 3110 332 3185 Trojae
346 3126 455 3167 nomen
471 3106 516 3180 iit,
527 3106 643 3167 diversa
656 3128 709 3185 per
722 3127 853 3185 aequora
867 3120 969 3169 vectos

221 3203 310 3261 Forte
326 3220 379 3260 sua
393 3200 511 3277 Libycis
527 3212 688 3277 tempestas
702 3201 816 3278 appulit
831 3201 897 3261 oris.

221 3295 292 3353 Sum
306 3293 372 3369 pius
385 3295 512 3366 Aeneas
528 3305 628 3369 raptos
643 3292 746 3369 quiex
761 3294 846 3353 hoste
861 3297 990 3355 Penates

222 3388 325 3447 Cla'sse
338 3386 416 3445 veho
431 3406 555 3458 mecum,
568 3387 648 3445 fama
661 3386 884 3462 superaethera
897 3397 995 3447 notus.

221 3478 339 3539 Italiam
354 3499 464 3555 quaero
478 3478 602 3555 patriam
622 3489 652 3539 et
671 3498 765 3555 genus
780 3481 817 3539 ab
831 3476 907 3556 Jove
923 3498 1044 3540 summo

220 3572 270 3631 Bis
285 3571 370 3631 denis
386 3572 545 3649 Phrygium
559 3571 721 3631 conscendi
736 3572 861 3633 navibus
875 3592 995 3649 aequor,

221 3666 319 3725 Matre
333 3666 392 3724 dea
404 3675 587 3724 monstrante
601 3664 689 3738 viam,
706 3665 775 3724 data
789 3666 850 3725 fata
864 3676 1004 3738 secutus3

218 3756 279 3815 Vix
293 3769 408 3834 septem
423 3758 582 3817 convulsae
598 3757 685 3817 undis
701 3760 840 3835 Euroque
856 3768 1019 3837 supersunt

220 3852 291 3927 Ipse
306 3850 433 3927 ignotus,
449 3868 548 3926 egem,
565 3850 678 3927 Libyae
692 3851 809 3911 deserta
822 3872 954 3931 peragro,
