3017 4700
542 445 702 490 Buconica·
746 447 813 491 ECL.
834 448 862 490 V.

193 623 203 641 ·
222 591 346 668 Incipe,
366 587 523 668 pascentes
537 590 664 652 servabit
678 591 798 670 Tityrus
812 591 933 654 haedos.

649 713 761 752 MOPSUS·

222 792 319 850 Immo
333 792 416 864 haec,
432 791 462 850 in
477 791 563 850 viridi
578 811 671 869 nuper
683 811 759 868 quae
773 792 883 853 cortice
897 792 957 872 sagi

108 953 119 959 ⁸
221 883 361 944 Carmina
375 884 520 962 descripsi
536 894 565 944 et
579 884 736 944 modulans
750 886 865 945 alterna
878 885 987 960 notavi,

223 977 383 1054 Experiar:
402 987 435 1038 tu
448 978 558 1038 deinde
570 978 673 1054 jubeto
687 988 720 1037 ut
732 989 826 1040 certet
838 982 991 1060 Amyntas
1174 1004 1196 1042 ιε

627 1099 779 1138 MENALCAS.

221 1177 317 1236 Lenta
330 1176 404 1236 salix
418 1187 560 1253 quantum
574 1177 697 1253 pallenti
711 1177 791 1237 cedit
804 1178 909 1251 olivae,

221 1268 359 1329 Puniceis
373 1269 492 1328 humilis
507 1280 649 1345 quantum
664 1271 797 1331 saliunca
809 1271 924 1345 rosetis,

219 1361 338 1438 Judicio
351 1372 453 1422 nostro
466 1371 581 1421 tantum
595 1363 650 1422 tibi
663 1364 750 1422 cedit·
760 1366 914 1442 Amyntas.

653 1485 765 1523 uorsus

222 1549 282 1608 Sed
296 1558 328 1607 tu
342 1547 445 1608 desine
459 1549 551 1626 plura,
567 1568 659 1626 puer,
680 1551 878 1611 successimus
892 1561 986 1610 antro
1059 1540 1064 1575 ³
1071 1562 1077 1571 “

261 1641 447 1700 Exstinctum
462 1641 618 1720 Nymphae
631 1644 744 1704 crudeli
758 1645 861 1703 funere
876 1643 1029 1721 Daphnim

221 1735 366 1809 Flebant3
386 1754 439 1794 vos
453 1735 545 1813 coryli
558 1745 649 1796 testes
663 1747 693 1797 et
706 1737 828 1798 flumina
839 1738 986 1817 Nymphis
998 1759 1008 1811 3

221 1830 321 1904 Quum
335 1829 492 1906 complexa
505 1829 550 1888 sui
565 1849 673 1908 corpus
687 1831 856 1891 miserabile
870 1832 932 1892 nati
1031 1865 1035 1877 ι
1121 1848 1126 1867 ¹

221 1925 321 1998 Atque
335 1923 408 1982 deos
422 1933 511 1998 atque
525 1933 603 1982 astra
616 1934 704 1984 vocat
716 1924 849 1985 crudelia
861 1934 964 1984 mater.

222 2018 293 2076 Non
306 2017 359 2074 ulli
372 2026 475 2093 pastos
489 2016 547 2075 illis
563 2034 649 2092 egere
663 2017 770 2077 diebus

221 2110 349 2188 Frigida,
365 2109 495 2187 Daphni,
510 2109 604 2170 boves
618 2111 657 2169 ad
667 2110 810 2184 flumina;
829 2110 912 2168 nulla
925 2127 981 2168 nec
995 2125 1113 2167 amnem
1170 2131 1194 2169 τε

221 2203 338 2263 Libavit
352 2204 531 2280 quadrupes,
548 2222 604 2264 nec
617 2203 759 2282 graminis
773 2203 870 2282 attigit
883 2201 1013 2261 herbam.
1078 2244 1086 2262 1

222 2297 351 2375 Daphni,
368 2307 450 2357 tuum
465 2299 583 2357 Poenos
598 2296 687 2357 etiam
701 2295 881 2376 ingemuisse
895 2296 999 2355 leones

222 2392 378 2450 Interitum
392 2400 569 2466 montesque
583 2390 637 2449 feri
651 2388 803 2467 silvaeque
818 2390 986 2466 loquuntur.

181 2486 183 2493 ’
222 2484 359 2560 Daphnis
374 2494 404 2543 et
418 2483 576 2543 Armenias
591 2501 676 2542 curru
690 2484 871 2562 subjungere
885 2481 976 2560 tigres

184 2580 191 2593 '
221 2576 361 2649 Instituit,
378 2574 515 2652 Daphnis
528 2575 640 2635 thiasos
655 2576 796 2637 inducere
810 2574 920 2634 Bacchi

222 2670 261 2728 Et
274 2669 352 2737 soliis
366 2670 462 2727 lentas
478 2668 609 2728 intexere
624 2670 764 2729 mollibus
778 2668 888 2727 hastas.

220 2760 298 2821 Vitis
312 2771 345 2821 ut
359 2761 513 2821 arboribus
528 2761 629 2820 decori
644 2771 698 2835 est,
714 2771 746 2820 ut
760 2760 869 2819 vitibus
883 2776 966 2831 uvae,
1018 2766 1029 2804 '·
1046 2768 1066 2780 ”
1085 2776 1093 2786 ’

221 2854 265 2913 Ut
278 2855 418 2932 gregibus
432 2854 514 2927 tauri,
530 2864 648 2933 segetes
662 2863 694 2913 ut
707 2853 866 2931 pinguibus
879 2852 980 2925 arvis‚.

220 2948 268 3005 Tu
282 2947 373 3006 decus
388 2966 476 3007 omne
490 2948 557 3007 tuis.
602 2950 765 3023 Postquam
779 2956 809 3005 te
823 2946 883 3005 sata
895 2946 1034 3017 tulerunt,

221 3043 294 3117 Ipsa
307 3040 395 3100 Pales
409 3059 495 3118 agros
509 3051 598 3117 atque
612 3041 677 3117 ipse
691 3038 810 3115 reliquit
823 3038 943 3115 Apollo.

221 3132 352 3193 Grandia
366 3152 455 3210 saepe
470 3134 578 3209 quibus
592 3132 797 3192 mandavimus
811 3131 924 3211 hordea
937 3129 1034 3202 sulcis,

222 3225 330 3284 Infelix
344 3225 446 3285 lolium
461 3236 491 3285 et
505 3227 621 3285 steriles
636 3235 798 3285 nascuntur
811 3234 943 3298 avenae3

222 3320 280 3377 Pro
294 3319 376 3378 molli
390 3319 478 3393 viola,
494 3338 549 3396 pro
560 3337 709 3395 purpureo
723 3318 866 3401 narcisso,

221 3412 358 3471 Carduus
372 3422 403 3471 et
417 3412 511 3489 spinis
526 3411 616 3487 surgit
629 3398 760 3488 paliurus
769 3407 875 3469 acutis.

222 3505 358 3582 Spargite
372 3506 494 3564 humum
508 3503 595 3576 foliis,
611 3502 741 3563 inducite
755 3500 887 3563 fontibus
901 3502 1027 3573 umbras,

220 3598 379 3671 Pastores3
398 3598 520 3656 mandat
532 3595 596 3655 fieri
611 3595 668 3655 sibi
682 3596 753 3655 talia
767 3595 924 3673 Daphnis3

179 3746 181 3750 ,
222 3690 260 3749 Et
274 3690 420 3749 tumulum
433 3690 529 3762 facite,
545 3698 575 3749 et
588 3688 702 3748 tumulo
717 3688 910 3765 superaddite
924 3704 1062 3747 carmen:

221 3783 359 3859 Daphnis
373 3800 430 3860 ego
443 3782 475 3839 in
489 3781 578 3854 silvis,
593 3779 664 3839 hinc
677 3778 773 3856 usque
786 3781 826 3841 ad
842 3780 943 3841 sidera
955 3788 1052 3850 notus

221 3875 359 3935 Formosi
372 3874 489 3951 pecoris
503 3883 613 3947 custos,
627 3872 784 3933 formosior
796 3873 870 3949 ipse.
