3017 4700
263 394 267 400 ⁴
308 415 361 474 182
620 428 647 470 r.
665 425 800 470 vracrnrr
821 425 964 470 unaorus

305 573 532 651 Ingrediturque
546 573 620 646 solo,
637 582 667 632 et
681 581 771 648 caput
785 571 862 631 inter
875 570 977 630 nubila
991 569 1100 632 condit.

305 667 392 725 Illam
406 668 498 724 Terra
511 683 625 741 parens,
641 666 684 724 ira
697 663 808 724 irritata
822 665 953 736 deorum,

306 762 484 832 Extremam,
499 770 532 818 ut
545 757 711 834 perhibent,
728 758 812 817 Coeo
829 757 1042 833 Enceladoque
1056 775 1189 818 sororem

308 851 475 929 Progenuit,
491 851 618 928 pedibus
632 851 759 910 celerem
774 859 803 910 et
817 849 985 927 pernicibus
1001 851 1063 924 alis,
1243 868 1280 907 ¹80

306 946 476 1004 Monstrum
483 943 672 1016 horrendum,
681 941 793 1019 ingens,
800 942 857 1016 cui,
865 954 938 1019 quot
946 953 1015 1003 sunt
1021 962 1145 1021 corpore
1152 944 1278 1021 plumae,

305 1040 365 1098 Tot
379 1037 481 1116 vigiles
496 1036 574 1097 oculi
588 1038 696 1110 subter,
712 1035 846 1096 mirabile
861 1037 950 1111 dictu,

305 1133 366 1190 Tot
379 1130 504 1208 linguae,
520 1130 646 1190 totidem
660 1148 712 1188 ora
726 1141 843 1204 sonant,
859 1139 904 1190 tot
918 1129 1040 1207 subrigit
1054 1150 1146 1192 aures.

306 1227 404 1285 Nocte
418 1225 499 1284 volat
513 1222 589 1284 coeli
604 1222 705 1282 medio
719 1234 873 1300 terraeque
887 1243 940 1300 per
953 1225 1097 1298 umbram,

306 1316 447 1390 Stridens,
463 1335 520 1376 nec
534 1315 614 1376 dulci
628 1315 758 1376 declinat
773 1317 884 1376 lumina
899 1335 1026 1392 somno,

306 1413 389 1470 Luce
404 1411 488 1470 sedet
501 1420 601 1469 custos
615 1420 666 1468 aut
680 1409 788 1469 summi
801 1409 929 1470 culmine
944 1409 1023 1484 tecti,

281 1547 286 1558 .
306 1503 449 1563 Turribus
463 1513 515 1562 aut
528 1501 603 1576 altis,
619 1513 649 1562 et
663 1521 785 1580 magnas
800 1502 912 1563 territat
925 1505 1021 1576 urbes,

208 1599 211 1606 '
306 1598 384 1656 Tam
398 1595 459 1655 ficti
473 1595 616 1672 pravique
631 1607 727 1669 tenax,
743 1614 832 1672 quarn
846 1595 950 1656 nuntia
963 1596 1033 1656 veri.

308 1692 396 1749 Haec
409 1699 473 1748 turn
487 1688 643 1766 multiplici
656 1689 785 1766 populos
800 1707 936 1749 sermone
950 1690 1083 1765 replebat

307 1782 450 1842 Gaudens
464 1792 494 1842 et
507 1781 617 1859 pariter
628 1783 708 1842 facta
721 1793 810 1859 atque
825 1781 936 1842 infecta
951 1782 1096 1842 canebat:
1246 1809 1282 1847 ιφ

305 1874 433 1935 Venisse
448 1879 581 1949 Aenean,
597 1877 731 1952 Trojano
744 1875 887 1952 sanguine
902 1887 1023 1949 cretum,

308 1967 366 2028 Cui
380 1988 411 2028 se
425 1970 549 2045 pulchra
562 1969 626 2027 viro
640 1969 777 2046 dignetur
787 1970 909 2047 jungere
923 1969 1026 2042 Dido;

308 2063 398 2121 Nunc
411 2062 540 2122 hiemem
555 2061 632 2122 inter
645 2080 678 2122 se
692 2062 771 2135 luxu,
788 2080 877 2138 quarn
892 2063 988 2138 longa,
1004 2062 1102 2120 fovere
1125 2063 1129 2070 ’

308 2157 481 2232 Regnorum
496 2156 683 2216 immemores
698 2154 836 2232 turpique
850 2153 989 2232 cupidine
1004 2164 1117 2230 captos.

309 2250 401 2318 Haec
411 2248 524 2326 passim
538 2249 596 2308 dea
609 2249 699 2308 foeda
711 2249 806 2308 virum
821 2247 959 2308 diffundit
972 2247 1003 2306 in
1018 2265 1076 2307 ora
1248 2273 1282 2314 us

309 2341 448 2403 Protinus
462 2343 501 2402 ad
515 2362 613 2419 regem
628 2361 730 2403 cursus
745 2342 902 2417 detorquet
917 2342 1035 2415 Iarban,

270 2426 277 2437 ’
310 2436 508 2513 Incenditque
523 2435 654 2495 animum
667 2434 755 2495 dictis
770 2445 858 2510 atque
873 2446 992 2511 aggerat
1006 2435 1070 2494 iras.

350 2528 412 2591 Hic
427 2532 600 2588 Hammone
615 2538 703 2601 satus,
719 2538 804 2603 rapta
818 2526 1029 2587 Garamantide
1044 2526 1193 2605 Nympha,

309 2623 437 2698 Templa
450 2621 518 2698 Jovi
533 2633 652 2680 centurn
667 2619 735 2679 latis
749 2620 890 2679 immania
903 2620 1009 2696 regnin,
1081 2644 1083 2649 ¹

310 2717 440 2776 Centum
454 2734 521 2774 aras
535 2713 642 2790 posuit,
658 2712 836 2789 vigilemque
854 2724 1017 2772 sacraverat
1031 2712 1138 2790 ignem,
1204 2758 1207 2766 .
1248 2740 1285 2769 200

310 2807 460 2868 Excubias
475 2808 575 2867 divum
589 2816 732 2879 aeternas,
748 2806 957 2883 pecudumque
970 2825 1074 2867 cruore

311 2900 425 2979 Pingue
440 2901 537 2959 solum
551 2911 581 2959 et
595 2898 683 2959 variis
696 2898 835 2959 florentia
849 2898 951 2958 limina
965 2899 1057 2959 sertis.

311 2997 402 3071 Isque
416 3012 518 3053 amens
532 2992 622 3053 animi
637 3003 667 3052 et
681 3010 798 3052 rumore
812 3010 954 3051 accensus
969 3011 1070 3053 amaro

311 3088 428 3148 Dicitur
441 3097 510 3147 ante
525 3105 588 3147 aras
602 3086 702 3147 media
715 3086 792 3145 inter
806 3078 928 3144 numina
942 3085 1043 3145 divum

311 3182 409 3241 Multa
421 3182 528 3257 Jovem
543 3179 680 3241 manibus
695 3179 820 3256 supplex
834 3197 933 3239 orasse
948 3178 1078 3256 supinis:
1249 3206 1285 3243 20⁵

309 3273 447 3351 Juppiter
461 3273 659 3351 omnipotens,
675 3272 724 3333 cui
737 3290 818 3331 nunc
834 3272 986 3332 Maurusia
999 3271 1086 3349 pictis

311 3370 395 3427 Gens
409 3367 528 3444 epulata
542 3368 613 3427 toris
627 3369 781 3427 Lenaeum
795 3366 869 3427 libat
882 3366 1034 3439 honorem,

312 3460 451 3537 Adspicis
465 3461 559 3520 haec?
581 3471 672 3534 ante,
686 3459 811 3537 genitor,
828 3478 919 3537 quum
933 3458 1056 3519 fulmina
1070 3468 1197 3533 torques,

312 3542 524 3629 Nequidquam
538 3554 700 3626 horremus,
716 3552 857 3629 caecique
872 3552 902 3611 in
917 3552 1045 3612 nubibus
1060 3551 1143 3627 ignes

311 3644 485 3705 Terrificant
499 3645 614 3706 animos
629 3657 659 3707 et
672 3646 773 3706 inania
786 3663 936 3705 murmura
949 3644 1096 3705 miscent?

311 3738 445 3814 Femina,
461 3759 537 3816 quae
551 3738 660 3799 nostris
674 3758 774 3799 errans
788 3738 819 3797 in
834 3737 941 3801 finibus
955 3737 1059 3797 urbem

312 3832 457 3912 Exiguam
470 3831 567 3912 pretio
581 3834 689 3912 posuit,
704 3832 753 3894 cui
767 3832 837 3893 litus
852 3830 995 3891 arandum
