3017 4700
575 451 731 505 Annnroos
753 461 811 504 ura.
836 462 874 504 ιν.

241 613 420 673 Germanam
434 606 536 682 credit,
551 627 607 667 nec
622 611 721 667 tantos
736 605 835 668 mente
849 608 959 678 furores
1034 673 1037 683 ,

242 703 389 780 Concipit,
404 707 467 762 aut
468 700 600 779 graviora
613 700 698 761 tim'et
712 721 801 777 quam
816 701 909 761 m'or'te
924 694 1056 778 Sychaei

241 798 342 874 Ergo
332 815 415 873 Jussa
428 801 535 881 parat,

249 891 323 957 lAt
336 888 444 967 regina,
460 907 531 966 pyra
544 886 709 965 penetrali
701 887 821 972 insede
832 883 915 947 s'ub
902 883 986 948 aura's

241 983 368 1043 Erecta'
360 980 471 1059 ingenti
486 981 580 1040 taedis
594 992 682 1057 atque
696 979 763 1040 ilice
778 979 866 1054 secta,

240 1075 432 1151 Intenditque
447 1075 545 1134 locum
560 1073 642 1133 sertis
657 1083 687 1133 et
700 1073 804 1133 fronde
819 1069 941 1134 coronat

241 1171 393 1242 Funerea3
413 1187 500 1244 super
514 1166 633 1227 exuvias
648 1185 807 1242 ensemque
822 1165 955 1226 relictum

241 1261 433 1340 Effigiemque
447 1270 513 1320 toro
526 1261 614 1334 locat,
629 1259 709 1320 haud
724 1259 825 1337 ignara
839 1257 933 1318 fut'u'ri.

241 1356 326 1419 Stant
340 1373 406 1414 arae
421 1353 539 1427 circum,
556 1364 585 1413 et
599 1353 693 1413 crines
708 1353 801 1412 effusa
815 1349 954 1412 sacerdos
1000 1417 1003 1422 ,

238 1453 431 1509 Tercentum
445 1458 530 1507 tonat
544 1466 594 1506 ore
608 1446 690 1519 deos,
704 1447 895 1522 'Erebumque
911 1444 1071 1521 Chaosque

238 1534 504 1618 Tergeminamque
521 1542 667 1612 Hecaten,
684 1537 739 1598 tria
752 1537 871 1615 virginis
886 1557 937 1597 ora
949 1537 1076 1598 Dianae.

238 1638 388 1712 Sparserat
402 1644 431 1693 et
444 1633 547 1692 latices
563 1632 714 1691 simulatos
729 1631 818 1690 fontis
833 1629 953 1706 Averni,

239 1727 377 1788 Falcibus
392 1737 422 1787 et
435 1745 552 1786 messae
567 1724 606 1784 ad
621 1727 736 1785 Lunam
752 1723 1027 1802 quaeruntur'a'e'nis

239 1822 388 1881 Pubentes
401 1819 511 1879 herbae
525 1817 600 1896 nigri
615 1821 682 1878 cuin
697 1818 773 1878 lacte
788 1817 915 1892 veneni,

239 1913 396 1990 Quaeritur
410 1923 439 1973 et
453 1911 600 1972 nascentis
616 1911 737 1989 equide
752 1911 847 1973 fronte
858 1909 995 1972 'revulsus

240 2009 279 2066 Et
292 2006 378 2066 matri
391 1991 563 2082 praereptus
578 2024 667 2063 amor.

241 2102 312 2176 Ipsa
325 2100 405 2158 mola
419 2097 613 2174 manibusque
627 2097 683 2175 piis
697 2097 800 2157 altaria
812 2098 903 2174 juxta,

241 2195 344 2252 Unum
358 2202 445 2252 exuta
458 2191 565 2268 pedem
580 2190 692 2265 vinclis,
708 2190 738 2249 in
752 2201 834 2251 veste
849 2189 987 2264 recincta,

240 2287 377 2356 Testatur
391 2285 530 2344 moritura
544 2285 616 2345 deos
631 2295 661 2344 et
675 2283 797 2344 conscia
811 2283 863 2344 fati

240 2379 359 2453 Sidera,
379 2389 450 2453 tum,
466 2378 490 2437 si
505 2380 585 2455 quod
601 2398 661 2438 non
676 2398 772 2455 aequo
787 2378 906 2438 loedere
919 2378 1055 2437 amantes

241 2474 335 2555 Curae
350 2491 459 2532 numen
473 2472 746 2549 habetjustumque
762 2474 943 2549 memarque,
958 2480 1101 2547 precatur.

281 2568 349 2625 Nox
364 2576 434 2639 erat,
450 2575 480 2625 et
493 2565 642 2641 placidum
657 2566 819 2643 carpebant
833 2566 911 2625 fessa
926 2582 1064 2641 soporem

241 2661 374 2735 Corpora
387 2678 439 2735 per
453 2669 552 2731 terras,
569 2658 717 2735 silvaeque
733 2669 763 2718 et
778 2679 865 2749 saeqa
880 2656 1014 2734 quierant

241 2755 387 2828 Aequora,
403 2770 493 2827 quum
507 2751 607 2811 medio
620 2751 779 2812 volvuntur
794 2750 889 2811 sidera
903 2751 996 2827 lapsu,

241 2846 341 2919 Quum
355 2854 432 2917 tacet
446 2844 541 2903 omnis
556 2864 633 2923 ager,
645 2846 776 2921 pecudes
791 2844 946 2922 pictaeque
960 2843 1105 2919 volucres,
1186 2871 1196 2897 ι

241 2939 385 3013 Quaeque
398 2938 478 2996 lacus
493 2938 550 2997 late
564 2936 703 3014 liquidos,
720 2957 855 3015 quaeque
870 2956 974 3013 aspera
988 2934 1086 2997 dumis

145 3073 148 3077 ι
240 3032 323 3090 Rura
336 3040 446 3103 tenent,
462 3049 567 3090 somno
581 3030 695 3108 positae
710 3032 765 3090 sub
779 3041 867 3089 nocte
882 3029 979 3090 silenti

241 3122 401 3204 [Lenibant
415 3143 508 3197 curaS,
525 3134 554 3183 et
568 3125 659 3184 corda
674 3123 767 3183 oblita
780 3118 935 3203 laborum}

241 3220 283 3277 At
296 3236 357 3277 non
371 3216 471 3277 infelix
485 3216 575 3276 animi
590 3216 761 3289 Phoenissa,
777 3204 978 3291 necunquam
1022 3278 1025 3283 ,

208 3307 211 3312 “
241 3310 367 3371 Solvitur
379 3309 409 3368 in
425 3328 556 3385 somnos,
572 3310 702 3370 oculisve
717 3319 768 3368 aut
782 3317 902 3385 pectore
916 3318 1035 3367 noctem
1101 3358 1103 3363 .

242 3402 377 3480 Accipit:
397 3402 581 3481 ingeminant
596 3422 690 3475 curae,
706 3420 864 3477 rursusque
878 3419 1031 3478 resurgens

240 3495 337 3557 Saevit
352 3515 442 3569 amor,
458 3515 625 3573 magnoque
641 3495 747 3553 irarum
761 3494 885 3553 fluctuat
899 3505 989 3554 aestu.

242 3589 291 3649 Sic
305 3588 404 3649 adeo
397 3588 512 3663 insistit,
528 3606 688 3663 secumque
702 3585 744 3646 ita
758 3585 847 3646 corde
861 3587 992 3646 volutat:

241 3684 297 3756 En,
312 3682 385 3759 quid
399 3685 476 3779 ago?
495 3700 631 3739 rursusne
645 3698 754 3757 procos
768 3677 851 3739 irrisa
864 3678 976 3756 priores

242 3775 390 3852 Experiar,
406 3754 636 3848 Nomadumque
651 3783 751 3849 petam
766 3770 915 3832 connubia
930 3754 1062 3849 suppleri,

242 3869 327 3944 Quos
341 3887 397 3946 ego
412 3868 467 3927 sim
480 3865 568 3926 toties
580 3866 642 3941 jam
658 3863 817 3943 dedignata
831 3864 971 3925 maritos?
