3017 4700
299 412 354 472 126
610 426 636 469 r.
655 425 789 468 vrrormr
811 423 953 468 nnnorus

295 572 437 648 Bellaque
448 571 511 651 jam
524 570 604 632 fama
617 581 713 632 totum
726 571 845 650 vulgata
858 589 912 648 per
925 570 1035 645 orbem,

295 665 425 739 Atridas,
442 663 660 741 Priamumque,
675 675 706 725 et
719 683 841 724 saevum
856 663 1001 724 ambobus
1017 663 1163 725 Achillen.

295 757 446 833 Constitit,
462 768 492 819 et
505 758 670 832 lacrimans,
687 756 763 831 Quis
774 759 837 834 jam
851 757 942 830 locus,
958 755 1062 834 inquit,
1079 761 1204 834 Achate,

295 853 381 927 Quae
395 851 475 928 regio
490 851 521 910 in
534 851 618 911 terris
631 850 724 910 nostri
738 869 799 909 non
814 852 903 926 plena
915 851 1045 912 laboris?

295 947 343 1004 En
358 944 498 1004 Priamus
542 946 616 1004 Sunt
630 943 679 1003 hic
693 942 783 1003 etiam
797 962 851 1003 sua
864 945 996 1020 praemia
1009 945 1089 1006 laudi
1100 967 1110 1021 ;

295 1041 369 1099 Sunt
382 1037 519 1098 lacrimae
532 1056 629 1098 rerum
643 1046 674 1096 et
687 1047 818 1096 mentem
832 1038 968 1098 mortalia
982 1048 1113 1116 tangunt.

296 1132 384 1192 Solve
398 1141 514 1205 metus,
533 1131 606 1190 feret
620 1130 694 1215 haec¹
708 1129 838 1206 aliquam
853 1130 906 1190 tibi
920 1133 1000 1192 fama
1013 1133 1146 1193 salutem

294 1224 342 1285 Sic
356 1224 405 1297 ait,
421 1235 509 1300 atque
524 1223 656 1283 animum
669 1221 784 1299 pictura
797 1223 893 1300 pascit
907 1222 997 1300 inani,

295 1319 393 1377 Multa
405 1336 536 1394 gemens,
552 1318 691 1393 largoque
705 1316 858 1378 humectat
872 1316 991 1378 flumine
1006 1317 1126 1378 vultum.
1231 1336 1268 1385 4⁶⁵

294 1413 434 1488 Namque
447 1409 575 1483 videbat,
591 1409 633 1469 uti
647 1410 792 1470 bellantes
807 1409 950 1488 Pergama
963 1410 1084 1471 circumx
1242 1403 1244 1408 ’

294 1507 364 1564 Hac
378 1505 511 1580 fugerent
525 1503 615 1577 Graii,
631 1514 776 1579 premeret
790 1505 921 1583 Trojana
933 1505 1083 1580 juventus}

294 1600 365 1657 Hac
379 1597 517 1676 Phryges,
532 1595 653 1663 instaret
667 1616 753 1656 curru
768 1597 902 1658 cristatus
915 1598 1057 1657 Achilles.
1088 1658 1096 1670 μ
1114 1635 1117 1640 ,
1211 1594 1214 1600 ’

293 1692 361 1750 Nec
374 1690 477 1766 procul
490 1687 560 1748 hinc
576 1689 671 1750 Rhesi
684 1691 778 1750 niveis
793 1690 918 1750 tentoria
931 1689 1004 1750 velis
1055 1674 1083 1716 s

294 1783 439 1860 Agnoscit
453 1782 618 1857 lacrimans,
633 1782 730 1861 primo
744 1803 821 1860 quae
835 1782 953 1860 prodita
966 1801 1073 1844 somno
1231 1811 1269 1850 4⁷0

292 1875 426 1954 Tydides
439 1877 533 1936 multa
545 1866 682 1937 vastabat
695 1878 788 1937 caede
802 1886 947 1951 cruentus,

293 1970 503 2046 Ardentesque
517 1969 621 2030 avertit
635 1988 728 2047 equos
743 1970 774 2028 in
789 1980 893 2044 castra,
908 1968 1092 2046 priusquam

294 2064 408 2124 Pabula
421 2073 588 2141 gustassent
602 2065 710 2143 Trojae
725 2065 938 2140 Xanthumque
952 2062 1104 2123 bibissent

293 2159 381 2218 Parte
395 2157 453 2216 alia
466 2156 581 2234 fugiens
596 2156 710 2216 amissis
724 2155 843 2216 Troilus
857 2155 953 2230 armis,

293 2250 403 2311 Infelix
416 2269 490 2328 puer
503 2261 592 2328 atque
606 2249 701 2327 impar
714 2268 890 2327 congressus
904 2248 1022 2324 Achilli,
1231 2276 1268 2314 47⁵

293 2347 397 2407 Fertur
411 2344 503 2423 equiS,
519 2364 663 2421 curruque
676 2343 778 2404 haeret
791 2343 945 2421 resupinus
959 2342 1049 2418 inani,

292 2442 373 2499 Lora
387 2449 494 2499 tenens
508 2449 628 2512 tamen;
647 2436 717 2496 huic
731 2436 889 2513 cervixque
904 2456 1067 2514 comaeque
1082 2438 1235 2498 trahuntur

292 2535 351 2593 Per
365 2543 478 2605 terram,
495 2541 525 2591 et
538 2550 624 2590 versa
637 2529 733 2607 pulvis
747 2529 915 2590 inscribitur
928 2531 1021 2591 hasta

293 2628 413 2685 Interea
426 2625 465 2685 ad
480 2625 624 2700 templum
637 2641 699 2681 non
714 2642 827 2698 aequae
842 2624 971 2685 Palladis
985 2624 1068 2685 ibant

293 2718 434 2780 Crinibus
450 2716 560 2776 Iliades
574 2715 670 2793 passis
684 2717 865 2795 peplumque
879 2716 1021 2791 serebant,
1232 2734 1269 2784 480

294 2809 472 2889 Suppliciter
486 2810 583 2870 tristes
598 2819 628 2868 et
641 2819 745 2869 tunsae
760 2819 881 2885 pectora
894 2810 1019 2886 palmis3

293 2905 373 2965 Diva
387 2905 451 2964 solo
465 2904 540 2963 fixos
554 2903 658 2962 oculos
673 2921 775 2961 aversa
788 2904 917 2963 tenebat.

292 3000 353 3057 Ter
367 2997 477 3057 circum
492 2994 602 3055 Iliacos
615 3004 782 3072 raptaverat
796 2998 930 3057 Hectora
943 3014 1050 3072 muros,

293 3090 616 3165 Exannnumquenuro
630 3107 737 3166 corpus
752 3090 902 3151 vendebat
916 3091 1055 3151 Achilles.

292 3186 372 3243 Tu'm
386 3202 456 3243 vero
471 3182 622 3259 ingentem
635 3182 777 3259 gemitum
792 3183 843 3243 dat
857 3178 977 3259 pectore
992 3185 1030 3243 ab
1044 3182 1114 3256 imo,
1231 3199 1268 3249 aas

285 3277 338 3336 ‘Ut
352 3276 454 3352 spolia,
470 3286 503 3335 ut
516 3294 625 3350 currus,
641 3285 733 3352 utque
747 3274 844 3351 ipsum
858 3295 966 3353 corpus
979 3276 1076 3350 amici,
1105 3330 1107 3337 Α

292 3370 540 3445 Tendentemque
553 3388 659 3429 manus
674 3368 823 3428 Priamum
837 3369 993 3447 conspexit
1006 3368 1141 3430 inermes.

294 3464 333 3523 Se
348 3482 467 3541 quoque
481 3461 664 3540 principibus
677 3461 854 3539 permixtum
869 3460 988 3539 agnovit
1002 3460 1132 3536 Achivis,

293 3558 433 3632 ansque
447 3554 525 3615 acies
540 3565 570 3615 et
583 3554 658 3632 nigri
673 3544 844 3615 Memnonis
859 3574 987 3641 arma„

293 3648 385 3708 Ducit
399 3647 617 3708 Amazonidum
631 3648 738 3707 lunatis
753 3647 871 3725 agmina
884 3647 973 3725 peltis
1231 3675 1269 3713 ιφ

293 3734 482 3802 Penthesile'a
495 3742 603 3815 furens,
618 3739 782 3818 mediisque
797 3740 827 3799 in
842 3740 960 3802 milibus
975 3738 1066 3815 ardet,

294 3837 394 3896 Aurea
407 3836 587 3896 subnectens
602 3845 734 3895 exsertae
747 3834 866 3913 cingula
879 3852 1034 3907 mammae,
