3017 4700
442 451 445 456 .
578 421 736 466 nanaroos
757 421 816 464 nra.
836 422 869 466 11.
885 438 891 450 -

237 563 366 626 Palladis
379 562 495 626 auxiliis
406 491 628 644 sdrdper
641 566 729 628 stetit
773 564 887 645 Impius
902 587 938 628 ex
953 586 1014 645 quo

229 659 367 740 xTydides
382 660 436 719 sed
451 659 531 720 enim
546 660 772 737 scelerumque
764 671 900 721 mventor
915 663 1028 737 Ulixes,
1112 712 1120 726 .

236 754 338 813 Fatale
353 752 480 830 aggressi
496 763 610 813 sacrato
624 754 750 814 avellere
765 755 877 832 templo

236 845 410 920 Palladium,
427 846 521 906 caesis
535 865 669 907 summae
682 847 857 908 custodibus
871 847 954 921 arcis,

236 939 412 1018 Corripuere
427 943 540 1000 sacram
554 935 690 1017 effigiem,
706 940 901 1018 manibusque
916 939 1043 1003 cruentis

234 1033 391 1110 Virgineus
405 1032 467 1092 ausi
482 1031 568 1092 divae
583 1032 755 1110 contingere
769 1031 865 1107 vittas,

235 1129 281 1186 Ex
294 1126 345 1186 illo
359 1126 451 1186 fluere
465 1144 500 1185 ac
514 1136 592 1186 retro
606 1127 746 1203 sublapsa
760 1127 859 1186 referri

230 1221 307 1296 Spes
322 1221 469 1291 Danaum,
485 1217 635 1278 fractae
607 1237 693 1291 mres,
709 1238 814 1280 aversa
827 1219 901 1280 deae
916 1239 1008 1280 mens.

234 1315 299 1372 Nec
314 1310 411 1371 dubiis
424 1331 461 1371 ea
474 1310 559 1386 signa
573 1310 655 1371 dedit
669 1310 814 1393 Tritonia
818 1311 965 1372 monstris.

233 1406 292 1465 Vix
305 1405 434 1483 posimm
449 1405 551 1464 castris
566 1405 754 1469 srmulacrum
766 1427 790 1464 ι
779 1369 904 1466 nistre
906 1425 1046 1468 coruscae

201 1569 203 1573 ¹
233 1499 409 1560 Luminibus
423 1499 559 1558 flammae
573 1498 702 1573 arrectis,
717 1499 872 1577 salsusque
887 1519 941 1576 per
954 1511 1033 1560 artus

233 1591 351 1653 Sudor
343 1592 384 1666 rit,
400 1603 503 1669 terque
517 1592 584 1668 ipsa
597 1592 854 1671 solo—mirabile
869 1593 949 1654 dictu
959 1627 1000 1638 -

235 1684 371 1758 Emicuit,
388 1704 581 1766 parmamque
594 1684 694 1746 ferens
708 1685 883 1763 hastamque
898 1696 1081 1748 trementem.
1176 1718 1184 1745 ι

235 1779 395 1855 Extemplo
409 1777 552 1837 tentanda
565 1778 633 1854 suga
647 1778 727 1838 canit
741 1797 871 1855 aequora
885 1780 1020 1854 Calchas,
1046 1799 1064 1845 ,’

234 1875 300 1945 Nec
313 1890 403 1949 posse
418 1869 565 1946 Argolicis
580 1870 715 1931 exscindi
730 1874 874 1948 Pergama
888 1873 963 1946 telis,
1043 1871 1049 1876 ’

235 1964 346 2025 Omina
359 1963 389 2023 ni
407 1973 543 2040 repetant
557 1963 652 2040 Argis,
667 1983 838 2040 numenque
851 1965 1002 2039 reducant,

236 2059 328 2134 Quod
342 2059 447 2134 pelago
462 2066 491 2116 et
505 2056 601 2117 curvis
615 2075 717 2117 secum
730 2076 854 2116 avexere
868 2057 982 2118 carinis.

235 2154 274 2212 Et
287 2170 375 2224 nunc,
392 2151 473 2226 quod
487 2149 702 2228 patrias'vento
715 2151 827 2226 petiere
843 2152 995 2228 Mycenas,

237 2248 328 2304 Arma
343 2244 475 2320 deosque
490 2254 594 2320 parant
607 2242 739 2316 comites,
755 2245 924 2322 pelagoque
936 2261 1073 2304 remenso

235 2336 394 2415 Improvisi
408 2337 540 2397 aderunt.
585 2338 638 2397 Ita
647 2335 752 2414 digerit
766 2337 866 2397 omina
881 2337 1016 2399 Calchas.

236 2435 326 2493 Hanc
339 2451 395 2510 pro
410 2430 544 2491 Palladio
557 2431 672 2505 moniti,
688 2450 742 2507 pro
756 2430 878 2491 numine
892 2431 974 2491 laeso

209 2582 212 2585 ,
235 2526 371 2604 Effigiem
386 2536 523 2599 statuere,
538 2525 623 2585 nefas
637 2544 714 2602 quae
728 2523 810 2585 triste
823 2525 925 2603 piaret.

235 2622 326 2679 Hanc
340 2630 439 2679 tamen
455 2618 629 2678 immensam
645 2619 773 2680 Calchas
788 2620 922 2681 attollere
936 2620 1046 2681 molem

234 2713 406 2773 Roboribus
421 2711 509 2771 textis
523 2713 668 2788 coeloque
682 2713 810 2775 educere
821 2713 917 2793 jussit,

235 2808 283 2866 Ne
297 2804 388 2882 recipi
402 2805 502 2881 portis,
518 2816 569 2865 aut
583 2804 651 2865 duci
666 2805 697 2865 in
711 2808 830 2867 moenia
844 2806 947 2886 ppssit‚

235 2901 303 2959 Neu
317 2900 460 2976 populum
475 2899 597 2976 antiqua
610 2900 665 2959 sub
679 2900 820 2977 religione
835 2899 916 2961 tueri.

234 2994 314 3051 Nam
328 2991 352 3051 si
363 3003 463 3063 ¹vestra
476 3011 581 3052 manus
595 2992 734 3053 violasset
748 2995 830 3055 dona
844 2994 1005 3066 Minervae,

233 3086 310 3144 Tum
325 3104 464 3161 magnum
479 3084 740 3162 exitium-quod
755 3087 785 3147 di
799 3086 879 3163 prius
893 3084 1026 3147 omenin
1041 3084 1137 3162 ipsum
1174 3114 1210 3152 ιφ

234 3179 417 3239 Convertant
428 3183 434 3238 Ξ
444 3213 484 3221 -
494 3178 601 3239 Priami
616 3178 740 3257 imperio
755 3179 979 3257 Phrygibusque
994 3180 1141 3255 futurum3

233 3270 285 3330 Sin
298 3271 434 3331 manibus
448 3272 551 3331 vestris
564 3282 692 3333 vestram
707 3271 889 3333 ascendisset
903 3272 934 3331 in
948 3274 1060 3345 urbem,

233 3364 321 3423 Ultro
335 3364 440 3423 Asiam
454 3384 564 3442 magno
579 3366 763 3441 Pelopeaad
777 3365 897 3425 moenia
909 3365 990 3425 bello

232 3457 403 3531 Venturam,
420 3470 449 3517 et
464 3470 582 3519 nostros
597 3477 634 3517 ea
647 3459 707 3519 sata
720 3476 841 3518 manere
854 3469 1021 3535 nepotes.

165 3569 170 3582 ι
272 3550 396 3610 Talibus
411 3551 525 3611 insidiis
539 3550 706 3655 perjurique
720 3562 782 3611 arte
797 3550 915 3611 Sinonis

233 3644 354 3703 Credita
368 3664 423 3716 res,
439 3644 578 3721 captique
590 3632 668 3705 dolis
680 3642 870 3720 lacrimisque
884 3642 1004 3718 coactis,

232 3736 317 3810 Quos
331 3756 430 3840 neque
445 3738 586 3815 Tydides,
602 3756 658 3796 nec
673 3736 845 3797 Larissaeus
859 3736 1000 3809 Achilles,

232 3831 304 3890 Non
318 3849 388 3889 anm
380 3829 545 3890 domuere
559 3831 673 3905 decem,
689 3848 750 3891 non
765 3828 845 3891 mille
859 3830 985 3891 carinae.
