3017 4700
302 395 358 470 158
614 409 640 451 n.
660 409 794 452 vrncrnn
815 409 957 452 nnnorus

300 555 400 613 Multa
412 572 537 614 movens
550 553 651 614 animo
666 557 821 632 Nymphas
835 555 996 614 venerabar
1010 564 1139 632 agrestes

299 645 521 722 Gradivumque
536 657 658 724 patrem,
673 647 786 708 Geticis
801 646 851 724 qui
865 646 1013 723 praesidet
1030 647 1113 721 arvis,

299 737 370 798 Rite
385 740 582 800 secundarent
595 739 675 800 visus
689 758 837 816 omenque
852 739 990 800 levarent.

299 831 401 910 Tertip
414 832 467 892 sed
481 843 639 909 postquam
653 833 764 911 majore
778 832 895 892 hastilia
908 833 975 892 nisu

298 924 464 1001 Aggredior
477 925 660 1002 genibusque
675 925 816 985 adversae
830 926 966 986 obluctor
980 945 1086 988 arenae
1094 959 1135 970 -

300 1006 439 1092 Eloquar,
455 1037 493 1076 an
508 1017 679 1078 sileam?-
686 1017 814 1095 gemitus
828 1017 1017 1080 lacrimabilis
1030 1019 1092 1079 irno

300 1108 429 1169 Auditur
442 1111 564 1186 tumulo,
580 1121 610 1170 et
623 1130 682 1170 vox
697 1110 814 1170 reddita
826 1111 917 1172 fertur
930 1113 969 1172 ad
983 1132 1085 1172 aures:

301 1201 383 1278 Quid
396 1203 543 1277 miserum,
557 1206 671 1278 Aenea,
685 1205 818 1264 laceras?
836 1205 898 1280 jam
912 1224 1000 1282 parce
1015 1207 1150 1283 sepult03
1217 1261 1223 1276 ,

301 1296 393 1355 Parce
406 1294 471 1372 pias
485 1297 627 1356 scelerare
641 1316 753 1357 manus.
798 1299 869 1357 Non
883 1318 931 1358 me
945 1299 999 1359 tibi
1013 1301 1105 1376 Troja

290 1389 463 1448 ,Externum
477 1389 552 1463 tulit,
567 1400 618 1450 aut
631 1409 718 1450 cruor
730 1389 779 1450 hic
794 1391 832 1450 de
847 1390 945 1468 stipite
962 1403 1070 1452 manat.

301 1483 390 1541 Heu!
412 1483 480 1558 fuge
494 1483 628 1542 crudeles
641 1494 740 1557 terras,
755 1483 824 1562 fuge
839 1483 907 1544 litus
922 1503 1047 1544 avarum

301 1575 381 1632 Nam
396 1574 560 1654 Polydorus
574 1595 638 1654 ego.
682 1577 744 1637 Hic
759 1578 909 1637 confixum
923 1578 1015 1638 ferrea
1028 1576 1100 1638 texit

262 1677 266 1684 '
300 1667 442 1727 Telorum'
456 1687 539 1744 seges
553 1680 584 1729 et
595 1669 701 1746 jaculis
715 1669 838 1730 increvit
851 1669 953 1730 acutis.

341 1762 420 1820 Turn
434 1780 505 1821 vero
519 1761 642 1840 ancipiti
655 1774 786 1824 mentem
799 1762 956 1824 formidine
969 1781 1086 1840 pressus

301 1854 459 1931 Obstupui,
475 1866 677 1934 steteruntque
691 1875 796 1918 comae
810 1867 840 1917 et
853 1877 912 1917 vox
925 1856 1059 1916 faucibus
1073 1854 1176 1916 haesit

302 1950 395 2007 Hunc
410 1948 591 2026 Polydorum
605 1949 667 2009 auri
681 1951 833 2027 quondam
847 1970 915 2010 cum
929 1950 1061 2027 pondere
1075 1968 1184 2028 magno

301 2040 409 2101 Infelix
424 2041 559 2111 Priamus
572 2043 671 2102 furtim
686 2044 840 2104 mandarat
858 2044 998 2104 alendum
1020 2117 1024 2124 Ι

300 2123 522 2212 Threicio'regi‚
539 2155 630 2212 quum
642 2138 706 2212 jam
719 2136 866 2197 diffideret
879 2136 967 2198 annis

301 2228 471 2288 Dardaniae
485 2227 623 2306 cingique
636 2232 740 2289 urbem
754 2229 911 2290 obsidione
925 2230 1044 2290 videret.

301 2323 366 2397 Ille,
382 2332 414 2382 ut
427 2340 501 2399 opes
515 2324 624 2383 fractae
639 2324 795 2398 Teucrum,
811 2334 841 2385 et
856 2325 988 2383 Fortuna
1001 2322 1128 2399 recessit,

301 2418 363 2475 Res
377 2417 630 2494 Agamemnonias
643 2416 833 2493 victriciaque
848 2436 929 2475 arma
942 2429 1067 2490 secutus,

301 2511 359 2568 Fas
373 2527 464 2568 omne
477 2509 645 2586 abrumpit3
665 2509 846 2587 Polydorum
860 2510 1025 2584 obtruncat,
1041 2521 1071 2570 et
1085 2528 1156 2569 auro

234 2664 237 2669 ,
300 2601 340 2659 Vi
353 2601 472 2677 potitur.
517 2602 599 2678 Quid
613 2621 675 2662 non
688 2602 824 2661 mortalia
837 2613 960 2678 pectora
973 2602 1063 2680 cogis,

301 2694 375 2753 Auri
390 2713 473 2755 sacra
487 2695 599 2755 sames?
641 2696 803 2771 Postquam
817 2714 909 2771 pavor
923 2714 991 2755 ossa
1004 2694 1129 2773 reliquit,

301 2788 443 2847 Delectos
458 2787 562 2864 populi
576 2788 615 2847 ad
628 2806 766 2865 proceres
779 2788 965 2865 primumque
980 2799 1133 2865 parentem

300 2883 439 2940 Monstra
453 2881 542 2941 deum
557 2882 658 2955 refero,
674 2891 712 2955 et,
728 2901 805 2958 quae
819 2880 858 2941 sit
871 2882 1025 2957 sententia,
1040 2900 1142 2959 posco

300 2973 448 3034 Omnibus
463 2974 543 3034 idem
558 2974 682 3049 animus,
697 2977 842 3035 scelerata
855 2976 997 3037 excedere
1012 2987 1096 3049 terra,

300 3066 410 3143 Linqui
423 3067 570 3145 pollutum
583 3068 752 3145 hospitium,
769 3079 799 3130 et
813 3070 883 3129 dare
897 3069 1040 3130 classibus
1054 3079 1174 3129 austros.

301 3161 380 3238 Ergo
395 3160 590 3221 instauramus
606 3162 755 3240 Polydoro
769 3162 876 3223 funus:
897 3174 926 3223 et
940 3162 1044 3241 ingens

300 3252 458 3330 Aggeritur
471 3255 586 3315 tumulo
600 3256 705 3329 tellus3
725 3265 805 3315 stant
818 3255 961 3317 Manibus
974 3275 1050 3330 arae,

301 3346 453 3407 Caeruleis
467 3359 597 3408 maestae
610 3348 691 3408 vittis
705 3359 827 3426 atraque
841 3368 990 3426 cupresso,

300 3441 341 3498 Et
354 3437 465 3499 circum
479 3439 591 3502 Iliades
605 3440 717 3502 crinem
731 3442 769 3502 de
783 3462 865 3503 more
880 3443 1012 3517 solutae3

300 3530 458 3592 Inferimus
473 3532 576 3609 tepido
590 3534 759 3611 spumantia
773 3534 891 3613 cymbia
904 3536 980 3595 lacte

301 3623 459 3703 Sanguinis
474 3635 504 3685 et
517 3626 593 3686 sacri
606 3637 731 3703 pateras,
747 3627 937 3705 animamque
951 3628 1106 3705 sepulchro

301 3717 475 3792 Condimus‚
492 3730 522 3779 et
536 3738 645 3797 magna
658 3740 828 3797 supremum
842 3740 916 3781 voce
931 3720 1049 3782 ciemus.

341 3812 427 3885 Inde,
443 3811 495 3872 ubi
509 3812 605 3889 prima
618 3813 692 3873 tides
705 3814 822 3891 pelago,
837 3814 1013 3890 placataque
1027 3814 1106 3875 venti

301 3905 383 3965 Dant
397 3904 490 3965 maria
503 3915 534 3966 et
547 3905 622 3967 lenis
636 3906 784 3985 crepitans
797 3917 886 3967 vocat
899 3918 997 3967 auster
1011 3907 1041 3967 in
1056 3910 1155 3983 altum,
1249 3934 1274 3973 ⁷0
