3017 4700
317 398 354 451 24
648 396 674 439 Ρ.
696 395 797 441 ovmu
818 396 954 442 unsours

315 539 468 618 Cingitur;
487 539 634 604 interdum
648 543 738 620 longa
752 541 834 602 trabe
848 541 955 604 rectior
968 552 1082 616 exstat;

315 636 431 712 Impete
445 654 525 694 nunc
539 645 633 709 vasto,
649 654 704 696 ceu
718 634 854 696 concitus
866 635 1009 696 imbribus
1023 634 1119 696 amnis
1147 628 1151 638 ’

314 729 425 802 Fertur,
441 739 471 788 et
485 729 639 802 obstantes
653 730 807 806 proturbat
820 739 941 805 pectore
955 728 1051 789 silvas.

314 818 403 882 Cedit
417 813 601 898 Agenorides
615 823 761 898 paullum,
771 821 928 899 spolioque
941 821 1037 882 leonis

313 913 443 974 Sustinet
456 913 598 988 incursus,
614 913 814 991 instantiaque
827 933 880 976 ora
893 915 1021 976 retardat

314 1005 446 1083 Cuspide
461 1017 621 1084 praetenta
666 1007 749 1068 Furit
762 1007 821 1082 ille,
836 1019 867 1070 et
880 1007 980 1068 inania
994 1008 1069 1070 duro

313 1101 445 1160 Vulnera
458 1100 509 1160 dat
523 1101 607 1174 serm,
622 1099 744 1178 figitque
759 1100 789 1160 in
804 1101 940 1161 acumine
955 1101 1067 1162 dentes

312 1195 439 1270 Jamque
453 1194 623 1254 venenifero
638 1185 757 1271 sanguis
770 1213 891 1255 manare
905 1195 1006 1272 palato

314 1287 470 1363 Coeperat,
486 1297 516 1346 et
529 1286 638 1358 uirides
653 1286 828 1366 adspergine
842 1286 969 1352 tinxerat
981 1287 1109 1361 herbas3

313 1380 371 1440 Sed
386 1380 450 1440 leve
465 1381 572 1440 vulnus
586 1390 656 1454 erat,
672 1379 742 1457 quia
755 1399 788 1440 se
801 1380 970 1441 retrahebat
983 1382 1021 1440 ab
1036 1379 1097 1440 ictu

312 1474 468 1549 Laesaque
482 1474 560 1533 colla
574 1474 664 1534 dabat
678 1483 766 1546 retro,
781 1474 959 1550 plagamque
974 1474 1078 1534 sedere

313 1567 460 1627 Cedendo
474 1567 594 1626 arcebat
607 1585 664 1626 nec
678 1566 795 1644 longius
809 1565 851 1626 ire
865 1565 999 1626 sinebat:

313 1660 420 1722 Donec
435 1659 620 1736 Agenorides
633 1660 804 1736 conjectum
819 1658 849 1718 in
863 1668 979 1736 gutture
993 1658 1102 1718 sermm
1195 1724 1199 1730 ,

312 1753 418 1828 Usque
433 1772 561 1829 sequens
576 1751 689 1830 pressit,
705 1752 778 1818 dum
792 1762 869 1812 retro
884 1769 1010 1828 quercus
1024 1751 1107 1812 eunti

312 1844 444 1920 Obstitit,
461 1856 492 1905 et
505 1847 565 1920 fixa
577 1856 622 1906 est
636 1844 743 1922 pariter
757 1864 826 1906 cum
838 1846 946 1905 robore
960 1844 1066 1904 cervia

313 1938 449 1998 Pondere
464 1939 608 2016 serpentis
622 1948 742 2000 curvata
757 1948 802 2003 est
815 1939 910 2012 arbor,
925 1948 955 1997 et
969 1937 1048 1998 imae

312 2033 399 2091 Parte
413 2031 552 2108 flagellari
566 2031 678 2110 gemuit
692 2050 745 2090 sua
759 2032 868 2090 robora
880 2031 1001 2090 caudae.

312 2125 393 2184 Dum
408 2124 535 2201 spatium
549 2125 645 2186 victor
658 2123 728 2185 victi
739 2123 910 2184 'considerat
924 2123 1028 2198 hostis,
1262 2153 1286 2192 9⁵

311 2219 380 2277 Vox
394 2217 491 2278 subito
506 2218 607 2279 audita
620 2229 683 2280 est:
704 2237 803 2294 neque
813 2228 879 2277 erat
892 2236 1073 2294 cognoscere
1086 2228 1246 2294 promtum,

312 2312 422 2386 Unde3
443 2311 496 2372 sed
511 2311 612 2372 audita
626 2322 690 2373 est:
711 2310 801 2387 Quid,
816 2312 955 2388 Agenore
969 2320 1047 2383 nate,
1062 2322 1227 2388 peremtum

311 2406 484 2482 Serpentem
499 2408 636 2481 spectas?
679 2408 717 2464 Et
731 2416 763 2465 tu
777 2405 950 2480 spectabere
965 2422 1094 2480 serpens.

312 2498 376 2571 Ille,
392 2496 444 2557 diu
457 2497 590 2579 pavidus,
606 2496 715 2574 pariter
728 2515 797 2557 cum
810 2506 911 2557 mente
925 2497 1057 2557 colorem

312 2590 491 2663 Perdiderat,
505 2589 665 2667 gelidoque
679 2608 786 2649 comae
801 2599 910 2649 terrore
924 2588 1067 2666 rigebant

312 2685 400 2756 Ecce,
415 2682 468 2767 viri
482 2681 596 2756 fautrix,
612 2698 733 2766 superas
748 2683 871 2774 delapsa
884 2702 941 2780 per¹
950 2700 1036 2742 auras
1081 2679 1084 2687 '

312 2775 409 2833 Pallas
424 2772 516 2847 adest,
532 2771 690 2849 motaeque
698 2774 789 2879 julbet
803 2784 1081 2865 supponere,terrae

311 2865 455 2961 Viperqos
470 2865 583 2939 dentes,
598 2865 702 2959 populi
716 2865 900 2965 incrementa
913 2865 1009 2958 fqturi.

312 2960 399 3019 Paret
414 2969 461 3109 et1¹
467 2968 499 3017 ut
513 2977 614 3035 presso
629 2959 744 3019 sulcum
759 2959 899 3064 patefecit
913 2970 1018 3067 qratro,
1107 3004 1111 3010 .

312 3050 427 3128 Spargit
462 3051 523 3161 qmi
533 3051 641 3131 jussos,
656 3025 794 3127 mortalia
807 3031 931 3127 semma,
945 3054 1060 3114 dentes

312 3144 398 3217 Inde,
414 3144 472 3203 fide
487 3146 591 3221 majus,
606 3146 712 3223 glebae
720 3163 853 3222 coepere
866 3145 988 3220 moveri,

313 3235 470 3313 Primaque
484 3237 522 3297 de
537 3237 626 3299 sulcis
640 3238 718 3299 acies
733 3238 870 3317 apparuit
883 3239 994 3316 hastae,

312 3328 458 3405 Tegmina
472 3348 542 3389 mox
556 3330 688 3407 capitum
700 3330 784 3407 picto
797 3331 933 3391 nutantia
945 3351 1024 3397 cono
1034 3354 1044 3407 ;

313 3422 389 3481 Mox
403 3421 518 3482 humeri
532 3433 695 3500 pectusque
710 3434 892 3501 onerataque
904 3424 1026 3485 brachia
1039 3424 1133 3495 telis

313 3513 474 3589 Exsistunt,
490 3515 654 3593 crescitque
668 3508 752 3594 seges
767 3518 902 3595 clypeata
914 3516 1050 3577 virorum

312 3607 370 3681 Sic,
384 3607 437 3667 ubi
450 3609 593 3679 tolluntur
606 3609 687 3671 sestis
702 3611 807 3671 aulaea
820 3609 948 3684 theatris,

214 3747 223 3769 ,
313 3702 435 3777 Surgere
450 3699 533 3777 signa
547 3702 651 3776 solent,
666 3702 854 3780 primumque
868 3702 1026 3765 ostendere
1040 3704 1137 3764 vultus

314 3794 422 3853 Cetera
434 3793 596 3871 paullatim,
611 3795 793 3873 placidoque
804 3797 914 3859 educta
926 3806 1031 3857 tenore
