3017 4700
553 408 734 454 GEORGICON
757 411 815 454 LlB.
836 413 867 455 11.

226 555 377 634 Agricola,
392 552 513 614 incurvo
527 563 633 614 terram
647 556 768 616 molitus
782 566 887 632 aratro,

226 649 327 708 Exesa
340 646 471 707 inveniet
485 647 590 707 scabra
602 646 735 725 robigine
749 649 818 725 pila,

228 744 292 800 Aut
304 740 442 817 gravibus
457 739 557 799 rastris
571 741 670 817 galeas
684 741 813 818 pulsabit
826 742 938 816 inanes,

229 833 419 909 Grandiaque
435 832 551 892 effossis
565 832 716 892 mirabitur
729 853 799 893 ossa
813 834 982 911 sepulchris.

231 925 272 984 Di
285 926 379 1003 patrii,
394 925 555 1003 Indigetes
571 937 601 985 et
612 927 744 986 ‘Romule
758 929 910 1004 Vestaque
924 937 1026 1001 mater,

231 1020 316 1093 Quae
330 1020 463 1079 Tuscum
477 1017 609 1078 Tiberim
623 1029 653 1078 et
668 1004 806 1078 Romarla
820 1019 933 1079 Palatia
947 1039 1052 1094 servas,

232 1114 324 1171 Hunc
339 1113 443 1172 saltem
456 1131 558 1173 everso
570 1113 710 1188 juvenem
725 1131 891 1172 succurrere
906 1113 1006 1172 saeclo
1165 1141 1202 1178 500

231 1207 279 1264 Ne
293 1205 465 1282 prohibete!
507 1206 584 1266 Satis
596 1205 787 1282 jampridem
802 1205 942 1298 sanguine
957 1189 1059 1265 nostro

231 1298 472 1358 Laomedonteae
486 1298 594 1358 luimus
606 1297 734 1376 perjun'a
747 1299 855 1373 Trojae
866 1319 874 1371 3

230 1393 298 1466 Jam
312 1390 428 1467 pridem
442 1390 529 1451 nobis
543 1391 619 1451 coeli
633 1403 662 1450 te
676 1390 765 1470 regia,
782 1392 900 1464 Caesar,

232 1483 359 1557 Invidet,
375 1494 464 1560 atque
478 1483 631 1543 hominum
646 1484 775 1560 queritur
789 1502 888 1544 curare
903 1482 1085 1560 triumphos3
1154 1473 1159 1480 ’

232 1575 351 1653 Quippe
363 1576 414 1636 ubi
428 1578 471 1635 sas
480 1596 595 1636 versum
610 1587 699 1653 atque
709 1579 811 1636 nefas:
831 1587 875 1636 tot
885 1577 964 1637 bella
974 1595 1027 1653 per
1037 1577 1148 1649 orbem,
1165 1607 1200 1645 ⁵0⁵

231 1670 307 1726 Tam
321 1669 431 1728 multae
446 1671 590 1729 scelerum
605 1669 714 1744 sacies3
734 1689 796 1730 non
810 1671 886 1730 ullus
901 1679 996 1729 aratro

142 1831 145 1834 ⁴
231 1761 348 1837 Dignus
362 1762 478 1834 honos;
499 1763 635 1838 squalent
649 1763 785 1823 abductis
799 1782 869 1823 arva
882 1763 1005 1836 colonis,

232 1856 271 1912 Et
284 1873 391 1914 curvae
405 1853 529 1931 rigidum
545 1856 635 1915 falces
648 1857 814 1916 conflantur
828 1856 858 1915 in
873 1875 982 1917 ensem.

231 1945 315 2006 Hinc
329 1959 429 2008 movet
445 1949 617 2024 Euphrates,
632 1948 714 2008 illinc
728 1949 889 2009 Germania
901 1950 1031 2023 bellum;

230 2039 354 2100 Vicinae
369 2041 462 2117 ruptis
476 2040 552 2100 inter
565 2060 598 2100 se
611 2041 724 2117 legibus
738 2043 827 2101 urbes

230 2135 322 2192 Arma
335 2135 450 2207 ferunt3
470 2134 563 2194 saevit
577 2144 641 2194 toto
657 2136 739 2194 Mars
753 2134 859 2211 impius
873 2135 965 2208 orbe,

231 2227 276 2284 Ut
289 2245 380 2302 quum
395 2226 561 2286 carceribus
575 2245 640 2287 sese
655 2226 784 2287 effindere
799 2226 967 2303 quadrigae,

230 2319 354 2381 Addunt
368 2318 398 2378 in
413 2321 518 2397 spatia,
533 2330 563 2381 et
576 2322 681 2381 frustra
694 2320 857 2381 retinacula
871 2321 996 2381 tendens

164 2454 170 2463 ·
231 2414 334 2473 Fertur
347 2414 433 2491 equis
447 2414 555 2492 auriga,
570 2433 667 2491 neque
681 2413 764 2475 audit
778 2434 878 2475 currus
892 2414 1033 2475 habenas.

600 2778 747 2837 LIBER
777 2779 830 2838 11.

230 2976 406 3035 anuauus
421 2994 554 3035 arvorum
568 2977 665 3036 cultus
679 2986 709 3037 et
722 2975 821 3037 sidera
834 2975 933 3051 coeli,

229 3070 259 3127 N
261 3086 318 3127 unc
333 3079 371 3140 te,
387 3069 513 3142 Bacche,
528 3088 642 3143 canam,
658 3087 714 3129 nec
728 3089 790 3130 non
804 3067 951 3130 silvestria
964 3077 1063 3129 tecum

228 3160 364 3238 Virgulta
378 3171 409 3221 et
421 3161 536 3238 prolem
549 3162 633 3221 tarde
646 3161 806 3221 crescentis
820 3150 924 3223 olivae.

229 3257 311 3329 Huc,
325 3266 442 3331 patero
456 3256 594 3326 Lenaee;
614 3254 671 3313 tuis
685 3254 734 3314 hic
748 3254 850 3314 omnia
862 3256 952 3332 plena

230 3348 415 3421 Muneribus,
433 3347 487 3407 tibi
501 3347 661 3423 pampineo
674 3346 814 3424 gravidus
823 3358 969 3415 ¹autumno

229 3442 330 3501 Floret
343 3459 420 3518 ager,
437 3451 554 3517 spumat
569 3439 664 3516 plenis
677 3439 828 3501 vindemia
841 3440 929 3501 labris
939 3462 949 3514 3

230 3536 310 3606 Huc,
325 3544 410 3610 pater
423 3552 442 3594 ο
457 3536 584 3605 Lenaee,
599 3531 676 3606 veni,
691 3532 862 3608 nudataque
877 3543 974 3593 musto

228 3626 344 3703 Tingue
358 3646 438 3686 novo
452 3644 570 3685 mecum
584 3624 714 3701 dereptis
727 3642 812 3685 crura
824 3624 983 3685 cothurnis.

269 3718 418 3796 Principio
432 3718 586 3779 arboribus
598 3716 680 3777 varia
693 3729 738 3777 est
751 3728 857 3777 natura
869 3716 1012 3778 creandis.

229 3814 368 3888 Namque
381 3812 465 3886 aliae,
480 3810 570 3871 nullis
583 3809 739 3871 hominum
752 3809 936 3889 cogentibus
951 3809 1033 3887 ipsae
1097 3828 1101 3837 ·
1187 3838 1201 3865 0

428 3918 440 3954 7
