3017 4700
285 373 321 430 28
586 387 642 429 51³.
665 383 765 430 ovrnn
787 379 943 430 NASOle'

284 533 415 609 Corpore
431 531 580 608 depresso,
596 543 626 592 et
641 532 743 609 spinae
758 531 928 592 curvamina
941 531 1020 591 flecti
1093 519 1097 525 ’

283 625 400 701 Incipit.
445 625 526 684 Huic
542 627 685 702 Lycabas,
702 628 739 684 In
754 645 830 700 quae
847 625 995 698 miracula,
1011 623 1093 698 dixit,

281 718 432 778 Verteris?
453 730 482 778 et
497 719 548 778 lati
561 719 650 779 rictus
665 728 694 778 et
707 719 808 794 panda
820 717 954 794 loquenti

283 811 370 870 Naris
385 822 455 885 erat,
472 830 686 889 squamamque
701 811 777 870 cutis
792 812 896 870 durata
909 811 1051 871 trahebat.

282 906 323 962 At
338 903 436 981 Libys,
452 904 605 964 obstantes
620 906 691 964 dum
705 905 768 964 vult
781 906 934 963 obvertere
947 923 1052 977 remos,

282 998 320 1055 In
335 996 462 1073 spatium
476 997 586 1056 resilire
601 1015 706 1056 manus
719 998 809 1057 breve
823 997 905 1070 vidit,
921 1008 950 1056 et
964 997 1028 1055 illas

281 1092 349 1166 Jam
364 1109 425 1149 non
440 1109 504 1150 esse
519 1109 633 1164 manus,
648 1091 709 1166 jam
722 1089 829 1166 pinnas
843 1109 930 1166 posse
944 1089 1052 1149 vocari.

283 1183 376 1256 Alter,
393 1183 431 1243 ad
445 1183 570 1243 intortos
584 1183 707 1259 cupiens
721 1183 792 1242 dare
805 1183 926 1242 brachia
939 1184 1032 1255 iuneS,

283 1276 407 1336 Brachia
421 1295 481 1336 non
496 1276 608 1350 habuit,
625 1286 788 1352 truncoque
802 1277 949 1352 repandus
963 1275 993 1334 in
1008 1277 1103 1335 undas

283 1371 416 1445 Corpore
431 1369 566 1443 desiluit,
587 1371 694 1429 falcata
707 1368 867 1428 novissima
881 1370 976 1428 cauda
990 1381 1042 1442 est,

283 1462 391 1536 Qualia
405 1462 544 1522 dimidiae
560 1461 713 1521 sinuantur
726 1480 836 1521 cornua
846 1451 945 1521 lunae.

283 1554 426 1631 Undique
441 1556 514 1615 dant
529 1555 627 1627 saltus,
644 1556 794 1630 multaque
808 1555 981 1632 adspergine
996 1566 1103 1629 rorant,

284 1648 503 1726 Emerguntque
518 1648 623 1717 iterum
636 1649 819 1724 redeuntque
835 1650 888 1707 sub
903 1667 1152 1724 aequorarursuS,

283 1743 380 1817 Inque
394 1741 476 1801 chori
491 1743 597 1800 ludunt
612 1741 740 1818 speciem
751 1740 922 1818 lascivaque
935 1743 1049 1817 jactant
1066 1794 1071 1803 ,

283 1835 426 1910 Corpora,
442 1846 472 1894 et
486 1845 642 1911 acceptum
656 1833 765 1910 patulis
778 1853 858 1893 mare
872 1834 991 1894 naribus
1006 1837 1112 1894 efflant.

283 1928 331 1986 De
346 1929 437 1986 modo
452 1927 656 2004 viginti-tot
670 1927 750 1987 enim
764 1927 834 1986 ratis
848 1928 898 1986 illa
912 1929 1073 1987 ferebat—

284 2014 447 2080 Restabam
462 2023 547 2080 solus.
592 2020 736 2103 Pavidum
751 2021 941 2098 gelidumque
956 2021 1092 2080 trementi

284 2116 424 2189 Corpore,
440 2113 547 2190 vixque
561 2133 661 2174 meum
675 2115 772 2172 firmat
786 2114 868 2187 deus,
886 2117 1008 2187 Excute,
1024 2114 1134 2187 dicens,

284 2207 382 2267 Corde
398 2217 517 2281 metum,
534 2207 684 2284 Diamque
699 2211 786 2266 tene!
829 2208 954 2266 Delatus
968 2207 998 2265 in
1013 2205 1094 2266 illam

259 2329 263 2337 ¹
283 2299 404 2361 Accessi
419 2300 508 2361 sacris
524 2302 718 2377 Baccheaque
733 2300 809 2360 festa
823 2301 986 2376 frequento

383 2392 399 2421 *ll-
540 2392 557 2423 {¹
698 2392 714 2423 ff
856 2391 873 2422 ἱ
1014 2390 1031 2423 ἰ·
1096 2416 1109 2448 ζ
1121 2403 1144 2451 0(

647 2756 796 2817 LIBER
825 2756 889 2817 1v.

384 2973 403 3012 ᾖ
540 2968 559 3007 ᾖ
703 2968 722 3007 ¹1¹
861 2967 880 3005 tt
1019 2967 1038 3005 ᾖ

285 3047 437 3106 Pisanos
451 3056 481 3106 et
495 3046 615 3120 Thisbe,
630 3049 773 3124 juvenum
786 3048 998 3125 pulcherrimus
1016 3050 1096 3123 alter,
1231 3080 1254 3117 55

284 3142 394 3213 Altera,
410 3159 483 3217 quas
499 3139 604 3201 Oriens
620 3140 730 3216 habuit,
746 3144 878 3219 praelata
891 3144 1006 3219 puellis,

284 3232 447 3309 Contiguas
461 3244 582 3293 tenuere
596 3234 710 3309 domos,
726 3235 777 3294 ubi
793 3235 899 3295 dicitur
912 3237 1001 3295 altam

285 3325 448 3386 Coctilibus
463 3326 552 3385 muris
566 3326 692 3387 cinxisse
706 3328 874 3388 Semiramis
888 3331 998 3389 urbem.

285 3418 429 3477 Notitiam
444 3418 614 3495 primosque
628 3420 735 3495 gradus
749 3420 858 3479 vicinia
872 3421 950 3494 iecit,
1034 3413 1038 3420 ¹

284 3512 432 3588 Tempore
447 3510 538 3571 crevit
553 3530 653 3571 amor:
673 3513 778 3571 taedae
793 3533 912 3590 quoque
924 3516 989 3590 jure
1002 3513 1150 3589 coissent3

284 3605 344 3663 Sed
357 3614 476 3664 vetuere
490 3614 594 3680 patres.
639 3605 729 3679 Quod
743 3624 805 3665 non
819 3603 942 3682 potuere
957 3616 1063 3680 vetare,

286 3698 331 3755 Ex
345 3715 441 3771 aequo
456 3696 549 3773 captis
564 3697 707 3756 ardebant
720 3698 869 3757 mentibus
884 3701 981 3758 ambo.

287 3788 433 3849 Conscius
449 3788 545 3849 omnis
560 3788 662 3849 abest:
681 3798 754 3848 nutu
769 3789 919 3867 signisque
933 3792 1112 3867 loquuntur,
