3017 4700
595 391 754 436 amoos
775 391 833 435 ua
858 391 891 434 n.
1176 397 1232 453 ¹49

211 568 215 619 ;
257 541 329 600 Huc
344 537 466 598 tandem
480 534 634 619 concede}
654 537 730 597 baec
743 557 794 598 ara
807 536 937 598 tuebitur
950 557 1065 613 omnes,
1096 573 1099 580 »

213 642 222 708 ².
256 637 319 692 Aut
334 630 458 690 moriere
473 629 569 690 simul.
612 626 661 690 sic
675 649 727 690 ore
741 633 830 690 effata
842 631 955 708 recepit

224 712 228 718 ⁵
257 727 307 786 Ad
319 745 386 786 sese
401 733 431 784 et
445 742 529 783 sacra
541 723 719 799 longaevum
732 723 765 782 in
779 724 851 784 sede
865 723 1011 806 locavit(

298 822 377 879 Ecce
391 828 491 878 autem
506 816 627 892 elapsus
640 816 745 894 Pyrrhi
759 816 903 876 decaede
919 817 1040 891 Polites,

256 915 346 973 Unus
359 923 496 970 natorum
511 908 629 982 Priami,
644 928 697 986 per
710 911 778 983 tela,
794 927 848 986 per
860 910 962 970 hostes

257 1005 424 1066 Porticibus
439 1003 535 1080 longis
549 1001 631 1078 fugit,
646 1013 677 1062 et
690 1021 785 1062 vacua
798 1001 872 1062 atria
884 1005 987 1063 lustrat

256 1099 387 1159 Saucius.
431 1095 521 1155 Illum
536 1095 644 1177 Qus
657 1094 766 1155 infesto
781 1097 902 1156 vnlnere
917 1097 1045 1173 Pyrrhus

217 1188 222 1195 “
256 1192 436 1268 Insequitur,
449 1191 512 1265 jam
524 1191 647 1265 jamque
660 1207 752 1265 manu
766 1199 848 1248 tenet
862 1199 892 1248 et
905 1189 1012 1266 premit
1025 1190 1119 1250 hasta
1221 1219 1234 1246 ο

256 1287 301 1345 Ut
314 1285 436 1344 tandem
449 1293 519 1342 ante
533 1283 638 1342 oculos
652 1280 790 1360 memet
804 1301 856 1342 ora
868 1293 1033 1358 parentum,

136 1428 139 1432 Α
192 1365 197 1385 ’
256 1374 407 1450 Concidit,
422 1396 457 1436 ac
471 1377 566 1434 multo
579 1374 671 1434 vitam
685 1393 755 1434 cum
769 1374 1061 1464 sanguinesudits
1098 1437 1102 1447 Δ

256 1471 318 1531 Hic
332 1470 475 1542 Priamus,
492 1487 673 1545 quamquam
685 1467 718 1526 in
731 1467 832 1528 media
843 1469 904 1543 jam
918 1480 1014 1528 morte
1028 1479 1152 1547 tenetur,
1220 1531 1226 1540 ,

256 1566 327 1641 Non
341 1574 441 1622 tamen
455 1561 605 1636 abstinuit,
618 1578 674 1623 nec
688 1560 755 1622 voci
769 1561 888 1638 iraeque
902 1554 1053 1638 pepercitl:

255 1661 298 1716 At
311 1656 365 1717 tibi
379 1675 433 1733 pro
448 1656 567 1728 scelere,
583 1656 736 1728 exclamat,
752 1673 807 1731 pro
822 1653 931 1714 talibus
945 1655 1033 1730 ausis,

256 1750 311 1824 Di,
321 1749 346 1808 si
360 1767 419 1825 qua
433 1759 478 1808 est
492 1750 579 1808 coelo
593 1748 696 1825 pietas,
712 1767 789 1824 quae
804 1747 875 1807 talia
888 1759 979 1821 curet,

255 1843 430 1904 Persolvant
443 1852 540 1918 grates
554 1841 659 1918 dignas
672 1852 702 1900 et
715 1841 848 1918 praemia
860 1841 987 1902 reddant

257 1935 376 2010 Debita,
392 1934 443 2012 qui
457 1934 519 1994 nati
533 1954 633 1994 coram
647 1953 697 1993 me
711 1941 830 1993 cernere
844 1935 937 1994 letum

255 2029 367 2089 Fecisti
376 2028 412 2088 'et
425 2028 537 2106 patrios
550 2027 676 2087 foedasti
690 2028 792 2086 funere
806 2028 911 2086 vultus.

257 2127 299 2182 At
312 2141 374 2182 non
388 2121 446 2195 ille,
462 2132 560 2180 satum
573 2138 634 2195 quo
647 2131 677 2179 te
691 2118 833 2192 mentiris,
850 2118 984 2178 Achilles

255 2216 339 2275 Talis
352 2215 384 2274 in
398 2215 485 2274 hoste
499 2213 554 2272 suit
568 2212 706 2287 Priam03
726 2212 779 2272 sed
792 2214 858 2288 jura
871 2212 1022 2288 fidemque

258 2308 406 2387 supplicis
421 2307 545 2382 erubuit,
561 2325 727 2384 corpusque
741 2325 889 2384 exsangue
904 2306 1060 2383 sepulchro

256 2402 402 2463 Reddidit
416 2404 610 2474 Hectoreum,
625 2420 733 2478 meque
746 2400 779 2459 in
793 2418 861 2460 mea
873 2418 963 2477 regna
976 2399 1094 2461 remisit

255 2496 305 2556 Sic
319 2497 396 2555 satus
410 2495 516 2568 senior,
531 2494 683 2570 telumque
697 2494 818 2554 imbelle
833 2494 895 2553 sine
909 2494 970 2554 ictu

257 2588 404 2665 Conjecit,
419 2606 511 2647 rauco
524 2588 605 2664 quod
619 2587 754 2664 protinus
768 2606 835 2647 aere
849 2589 999 2664 repulsum

257 2683 296 2741 Et
310 2700 433 2767 summo
442 2680 530 2757 clipei
544 2680 747 2757 nequidquam
761 2682 893 2741 umbone
906 2681 1057 2758 pependit

257 2771 314 2835 Cui
329 2775 475 2852 Pyrrhus:
496 2773 621 2833 Referes
635 2793 706 2850 ergo
720 2774 795 2834 baec
810 2785 840 2833 et
853 2774 973 2834 nuntius
986 2774 1043 2833 ibis

256 2868 378 2927 Pelidae
392 2866 536 2945 genitori3
557 2866 599 2925 illi
613 2886 681 2926 mea
694 2867 790 2927 tristia
803 2868 882 2927 sacta

255 2963 504 3038 Degeneremque
518 2961 752 3037 Neoptolemum
766 2978 883 3020 narrare
897 2970 1058 3019 memento,
1100 3024 1102 3028 ,

256 3055 345 3113 Nunc
359 3072 482 3114 morere.
525 3054 598 3113 Hoc
612 3052 715 3112 dicens
729 3052 833 3113 altaria
847 3054 885 3112 ad
899 3053 964 3129 ipsa
977 3063 1153 3119 trementem

255 3146 357 3206 Traxit
371 3145 446 3206 etin
460 3147 554 3205 multo
568 3148 735 3223 lapsantem
749 3144 892 3222 sanguine
906 3146 978 3219 nati,

256 3239 465 3316 Implicuitque
479 3258 596 3300 comam
610 3240 704 3312 laeva,
720 3239 882 3314 dextraque
897 3258 1053 3299 coruscum

255 3332 369 3391 Extulit
382 3350 418 3391 ac
432 3331 517 3391 lateri
531 3332 639 3409 capulo
652 3341 739 3391 tenus
754 3331 870 3391 abdidit
884 3351 995 3391 ensem.

255 3427 343 3485 Haec
356 3424 423 3485 finis
438 3423 548 3484 Priami
561 3424 707 3498 latornm3
726 3424 776 3483 hic
790 3424 887 3484 erritus
901 3424 984 3483 illum

254 3520 338 3579 Sorte
352 3517 427 3591 tulit,
442 3518 564 3593 Trojam
578 3517 731 3577 incensam
744 3527 775 3577 et
788 3518 927 3594 prolapsa
939 3517 1091 3577 videntem

254 3612 405 3689 Pergama,
421 3622 467 3670 tot
480 3611 634 3687 quondam
647 3608 766 3687 populis
781 3610 923 3686 terrisque
938 3612 1099 3687 superbum

253 3705 455 3781 Regnatorem
469 3702 567 3763 Asiae.
609 3705 696 3779 Jacet
708 3703 815 3781 ingens
828 3703 912 3763 litore
927 3714 1055 3775 truncus,

253 3798 459 3874 Avulsumque
473 3795 602 3856 bumeris
615 3806 714 3874 caput,
729 3807 760 3857 et
772 3797 838 3857 ¹sine
852 3796 974 3857 nomine
987 3814 1106 3872 corpus.
