3017 4700
305 429 361 486 190
480 477 484 486 ‚
573 414 642 469 'n
662 425 795 486 vmornn
817 424 959 468 nnuours

300 569 436 632 Terribili
450 570 565 632 monitu
578 570 755 633 horrificant
800 570 870 650 Agit
884 569 947 648 ipse
961 571 1106 630 furentem
1235 589 1272 638 4⁶5

300 667 339 724 In
354 663 464 724 somnis
478 665 555 724 serus
569 667 709 738 Aeneas3
729 683 904 741 semperque
919 661 1044 740 relinqui

302 757 373 818 Sola
386 756 451 831 sibi,
467 768 583 835 semper
596 758 715 834 longam
729 755 902 817 incomitata
914 756 1031 818 videtur

300 851 349 909 Ire
363 849 441 909 viam
455 859 485 910 et
499 849 604 927 Tyrios
619 850 737 909 deserta
750 868 889 925 quaerere
904 859 997 910 terra:

302 929 499 1001 Eumenidum
513 941 603 1001 veluti
618 942 741 1003 demens
754 939 836 1002 videt
851 943 969 1022 agmina
982 943 1141 1016 Pentheus,

188 1064 190 1069 ·
301 1036 341 1094 Et
354 1036 448 1094 solem
461 1033 613 1113 geminum
627 1045 657 1094 et
671 1033 805 1112 duplices
819 1055 850 1096 se
866 1037 1021 1097 ostendere
1036 1036 1157 1097 Thebas
1169 1057 1178 1110 3
1236 1066 1273 1103 uo

230 1176 234 1182 .
301 1129 363 1188 Aut
377 1126 630 1204 Agamemnonius
645 1127 880 1210 scenislagitatus
895 1132 1016 1191 Orestes

301 1222 454 1280 Armatam
468 1219 582 1280 facibus
595 1231 719 1281 matrem
734 1231 764 1282 et
779 1221 963 1304 serpentibus
977 1223 1046 1282 atris

302 1314 401 1388 Quum
416 1313 496 1390 fugit,
513 1313 689 1392 ultricesque
703 1314 809 1376 sedent
823 1314 854 1374 in
868 1315 969 1376 limine
984 1315 1083 1390 Dirae.
1160 1385 1162 1392 Α

341 1408 420 1484 Ergo
433 1405 485 1466 ubi
499 1407 638 1485 concepit
651 1407 740 1470 furias
754 1407 851 1470 evicta
865 1409 967 1468 dolore

300 1499 501 1577 Decrevitque
516 1500 598 1574 mori,
615 1510 732 1578 tempus
746 1520 849 1561 secum
863 1500 929 1577 ipsa
942 1501 1125 1578 modumque
1237 1527 1273 1566 4⁷⁵

267 1640 270 1647 .
302 1592 408 1670 Exigit,
424 1605 462 1668 et,
477 1592 626 1654 maestam
636 1592 721 1654 dictis
736 1613 873 1671 aggressa
886 1612 1026 1668 sororem,

302 1685 469 1748 Consilium
484 1687 567 1746 vultu
581 1685 661 1764 tegit,
676 1706 712 1746 ac
726 1702 811 1764 spem
825 1688 920 1746 fronte
938 1696 1072 1748 serenat:

302 1779 417 1854 inveni,
431 1799 580 1858 germana,
595 1774 681 1853 viam,
690 1790 852 1856 -gratare
867 1779 1008 1839 sorori-

302 1875 388 1950 Quae
402 1873 475 1933 mihi
488 1874 596 1958 reddat
608 1893 689 1950 eum„
699 1874 746 1932 vel
761 1891 798 1933 eo
812 1891 860 1932 me
875 1873 969 1933 solvat
984 1883 1140 1933 amantem.

302 1967 416 2028 Oceani
430 1969 519 2027 finem
531 1968 616 2043 juxta
629 1967 781 2043 solemque
796 1966 953 2026 cadentem

302 2061 435 2120 Ultimus
451 2059 633 2137 Aethiopum
647 2061 730 2119 locus
744 2069 797 2134 est,
813 2058 864 2119 ubi
878 2059 1022 2120 maximus
1037 2060 1122 2119 Atlas

302 2156 399 2213 Axem
412 2153 535 2213 humero
549 2163 667 2241 torquet
681 2151 773 2213 stellis
787 2152 959 2213 ardentibus
974 2164 1094 2230 aptum:

302 2246 386 2306 Hinc
400 2245 472 2330 mihi
487 2247 636 2324 Massylae
650 2245 746 2323 gentis
761 2256 923 2306 monstrata
937 2243 1087 2320 sacerdos,‘

302 2340 505 2419 Hesperidum
521 2338 623 2420 templi
638 2350 746 2414 custos,
763 2339 923 2417 epulasque
938 2338 1059 2400 draconi

301 2436 388 2511 Quae
402 2435 493 2517 dabat
507 2443 537 2493 et
551 2452 651 2511 sacros
665 2434 800 2492 servabat
814 2432 843 2491 in
859 2435 962 2493 arbore
976 2452 1082 2507 ramos,

302 2531 448 2605 Spargens
461 2526 583 2587 humida
596 2516 685 2586 mella
699 2524 954 2603 soporisemmque
968 2546 1106 2604 papaver.

303 2622 391 2681 Ha'ec
405 2640 437 2681 se
451 2619 630 2681 carminibus
644 2617 787 2695 promittit
802 2618 914 2678 solvere
928 2630 1051 2693 mentes,

303 2714 385 2787 Quas
399 2712 478 2787 velit,
493 2724 539 2772 ast
553 2711 616 2772 aliis
631 2712 719 2771 duras
733 2710 889 2771 immittere
904 2730 1007 2786 curas,

304 2806 412 2866 Sistere
426 2824 533 2882 aquarn
547 2802 653 2879 fluviis,
669 2815 698 2864 et
712 2815 824 2865 vertere
840 2804 935 2865 sidera
948 2815 1046 2881 retro;

303 2897 538 2975 No'ctumosque'
547 2897 605 2957 ciet
620 2900 727 2957 Manes
740 2920 750 2973 3
770 2897 882 2975 mugire
895 2897 1011 2958 videbis

302 2992 364 3053 Sub
377 2992 504 3069 pedibus
518 2999 675 3072 terram,et
689 2990 870 3052 descendere
884 2991 1035 3052 montibus
1050 3009 1147 3053 ornos.

302 3088 417 3159 Testor,
433 3104 508 3159 cara,
524 3085 597 3144 deos
612 3094 642 3144 et
655 3095 693 3158 te,
708 3103 856 3165 germana,
873 3096 1014 3163 tuumque
1088 3159 1091 3165 1

304 3181 400 3239 Dulce
414 3189 512 3256 caput,
528 3177 657 3257 magicas
671 3176 794 3238 invitam
809 3176 955 3257 accingier
968 3190 1052 3239 artes.

302 3274 351 3331 Tu
365 3282 477 3331 secreta
489 3290 592 3349 pyram
606 3277 686 3331 tecto
700 3270 836 3335 interiore
851 3273 905 3333 sub
921 3290 1004 3331 auras

304 3364 399 3442 Erige,
415 3375 445 3425 et
458 3384 539 3425 arma
551 3364 614 3439 viri,
629 3364 760 3425 thalamo
775 3384 851 3442 quae
865 3366 924 3424 fixa
937 3363 1055 3441 reliquit

304 3457 426 3535 Impius,
442 3457 620 3535 exuviasque
633 3465 747 3533 omnes,
763 3459 931 3535 lectumque
944 3458 1094 3534 jugalem„
1137 3449 1139 3453 ¹

304 3552 374 3625 Quo
388 3550 469 3628 perii,
484 3550 742 3628 superimponant:
764 3553 834 3611 ahol
866 3572 882 3633 e
896 3550 1016 3628 nefandi

304 3645 421 3706 Cuncta
434 3642 487 3703 viri
501 3653 692 3703 monumenta
703 3645 795 3722 juvat,
863 3629 1013 3720 nstiatque
1028 3643 1176 3706 sacerdos.

305 3740 392 3797 Haec
406 3738 495 3797 effata
508 3736 592 3817 silet;
610 3733 706 3816 pallor
720 3736 807 3796 simul
822 3746 949 3814 occupat
963 3756 1021 3797 ora
1085 3768 1087 3773 ·
1145 3730 1149 3740 “

304 3832 375 3891 Non
389 3842 489 3891 tamen
503 3834 593 3891 Anna
607 3829 692 3893 novis
706 3840 875 3912 praetexere
889 3831 991 3890 funera
1005 3830 1094 3891 sacris
