3017 4700
498 462 649 506 TRlSTIUM
672 463 729 508 LIB.
750 462 788 505 1v.
809 463 896 505 ELEG.
915 463 944 505 X.

238 613 334 671 Multa
348 608 469 686 quidem
484 607 606 686 scripsi3
627 609 688 682 sed,
705 627 780 686 quae
794 607 901 669 vitiosa
913 605 1022 686 putavi,

277 703 483 764 Emendaturis
499 703 614 781 ignibus
627 702 691 779 ipse
707 702 784 762 dedi.

237 800 323 858 Tunc
337 816 466 874 quoque,
483 815 574 873 quum
591 797 729 873 fugerem,
746 796 893 872 quaedam
907 794 1049 872 placitura
1063 792 1199 867 cremavi,

277 895 374 950 Iratus
389 890 487 950 studio
502 888 738 964 carminibusque
753 888 835 948 meis.

238 985 340 1058 Molle,
357 981 530 1060 Cupidineis
545 1002 600 1042 nec
614 981 842 1058 inexpugnabile
858 981 923 1040 telis
1186 997 1211 1044 ⁶5

277 1080 339 1138 Cor
351 1076 432 1150 mihi,
448 1076 588 1152 quodque
604 1074 676 1134 levis
691 1094 781 1133 causa
794 1085 934 1148 moveret,
951 1084 1020 1133 erat.

133 1225 137 1232 .
237 1172 337 1246 Quum
352 1180 452 1229 tamen
466 1167 515 1247 hic
531 1187 634 1241 essem,
648 1165 834 1243 minimoque
849 1169 1025 1227 accenderer
1038 1165 1116 1244 igne,

277 1261 409 1322 Nomine
425 1263 479 1320 sub
494 1270 595 1320 nostro
610 1261 710 1319 fabula
723 1263 805 1319 nulla
819 1259 879 1320 fuit.

237 1359 337 1416 Paene
352 1355 425 1415 mihi
439 1373 531 1432 puero
545 1373 602 1413 nec
617 1353 706 1430 digna
720 1373 776 1413 nec
790 1353 869 1412 utilis
883 1373 957 1413 uxor

278 1451 332 1509 Est
347 1450 425 1522 data,
442 1466 518 1524 quae
533 1457 649 1524 tempus
664 1449 819 1524 perbreve
833 1457 927 1524 nupta
941 1446 1001 1505 fuit.
1189 1475 1215 1512 ,ο

239 1543 287 1601 Illi
302 1541 444 1602 successit
457 1540 592 1617 quamvis
609 1540 671 1599 sine
686 1539 808 1599 crimine
823 1541 941 1616 conjux,

279 1637 350 1694 Non
365 1645 464 1694 tamen
479 1633 510 1692 in
525 1643 627 1693 nostro
642 1635 726 1698 firma
740 1634 836 1693 futura
849 1643 924 1693 tor0.

239 1727 361 1800 Ultima,
378 1715 454 1803 quae
468 1745 585 1786 mecum
601 1745 680 1786 seros
695 1726 857 1804 permansit
870 1725 902 1786 in
917 1744 1020 1801 annos

279 1819 420 1881 Sustinuit
435 1821 545 1896 conjux
560 1819 667 1879 exsulis
682 1839 746 1879 esse
761 1819 821 1879 viri.

240 1914 314 1974 Filia
328 1933 376 1972 me
391 1931 457 1973 mea
470 1911 516 1972 bis
531 1911 626 1989 prima
639 1913 768 1972 fecunda
778 1914 909 1992 juventa,

282 2009 341 2068 Sed
356 2026 417 2066 non
433 2026 469 2066 ex
482 2025 543 2065 uno
558 2007 692 2085 conjuge,
708 2005 778 2066 fecit
792 2026 888 2066 avum.

242 2104 280 2161 Et
291 2103 352 2180 jam
367 2101 528 2176 complerat
542 2098 657 2176 genitor
670 2118 724 2159 sua
736 2101 805 2172 sata,
821 2118 989 2176 novemque

282 2193 446 2254 Addiderat
460 2191 662 2252 lustrisaltera
676 2193 766 2251 lustra
780 2212 895 2252 novem.

243 2291 313 2347 Non
328 2286 411 2346 aliter
424 2285 499 2360 flevi,
516 2305 605 2361 quam
619 2304 667 2344 me
682 2285 801 2345 fleturus
816 2287 968 2346 ademtum

282 2382 337 2441 Ille
352 2380 413 2439 fuit.
458 2379 548 2438 Matri
560 2378 695 2456 proxima
707 2381 786 2455 justa
799 2379 860 2439 tuli.
928 2441 931 2448 ,

242 2474 356 2535 Felices
371 2474 470 2547 ambo,
486 2471 719 2550 tempestiveque
735 2473 850 2550 sepulti,

284 2571 364 2627 Ante
379 2565 458 2626 diem
472 2585 587 2643 poenae
602 2566 682 2643 quod
697 2567 810 2643 periere
823 2570 928 2626 meae!

244 2664 296 2721 Me
312 2679 431 2737 quoque
445 2657 570 2734 felicem,
587 2661 667 2736 quod
682 2680 743 2720 non
759 2660 925 2721 viventibus
940 2657 997 2717 illis

284 2756 356 2813 Sum
371 2752 466 2826 miser,
482 2763 511 2811 et
526 2752 564 2811 de
579 2772 625 2811 me
641 2755 722 2829 quod
737 2754 858 2814 doluere
872 2750 963 2811 nihil!

243 2846 273 2907 Si
287 2856 388 2906 tamen
402 2844 553 2905 exstinctis
567 2844 678 2921 aliquid
693 2846 750 2905 nisi
764 2845 887 2906 nomina
900 2855 998 2917 restat,
1059 2847 1063 2858 ¹
1194 2861 1219 2909 ες

284 2941 322 2999 Et
336 2938 450 3016 gracilis
466 2948 590 2998 structos
605 2939 705 3016 effugit
719 2942 825 2999 umbra
837 2957 944 3015 rogos3
1098 2921 1110 2940 ’

244 3035 344 3106 Fama,
361 3032 535 3109 parentales,
551 3030 575 3090 si
589 3052 642 3092 vos
656 3052 724 3091 mea
738 3031 870 3107 contigit,
885 3032 1017 3103 umbrae,

285 3127 324 3185 Et
338 3136 406 3185 sunt
420 3124 450 3183 in
465 3126 565 3201 Stygio
580 3124 703 3184 crimina
716 3134 818 3183 nostra
830 3125 894 3183 loro
907 3144 916 3196 3

249 3218 336 3292 Scite,
352 3237 463 3295 precor,
478 3236 598 3277 causam
607 3238 712 3278 —nec
726 3236 780 3277 vos
795 3216 867 3275 mihi
881 3217 982 3277 fallere
996 3214 1040 3273 fas
1055 3224 1148 3273 est-

286 3313 420 3370 Errorem
431 3312 540 3389 jussae,
556 3331 618 3371 non
633 3311 737 3384 scelus,
753 3328 817 3369 esse
831 3310 925 3387 fugae.
1195 3334 1221 3372 ⁹0

246 3403 387 3463 Manibus
400 3404 459 3463 hoc
474 3404 545 3463 satis
560 3415 610 3464 est.
654 3405 704 3463 Ad
718 3423 780 3477 vos,
797 3403 937 3476 studiosa,
953 3411 1090 3474 revertor,

287 3500 420 3570 Pectora,
437 3516 513 3573 quae
527 3498 605 3556 vitae
620 3496 759 3573 quaeritis
774 3508 840 3556 acta
853 3515 946 3556 meae.

244 3593 312 3667 Jam
326 3589 398 3647 mihi
413 3590 544 3663 canities,
561 3588 653 3667 pulsis
667 3589 839 3649 melioribus
853 3588 947 3661 annis,

193 3723 198 3733 -
285 3684 424 3756 Venerat,
440 3683 576 3759 antiquas
591 3680 806 3758 miscueratque
821 3700 931 3755 comaS,

247 3776 378 3851 Postque
393 3793 476 3835 meos
491 3785 571 3834 ortus
586 3774 690 3833 Pisaea
703 3775 820 3835 vinctus
834 3774 913 3834 oliva

287 3868 457 3927 Abstulerat
472 3867 571 3928 decies
586 3868 716 3945 praemia
729 3867 824 3928 victor
838 3886 939 3945 equus,
