3017 4700
287 405 323 462 32
400 396 404 408 ’
619 401 644 443 P.
668 399 768 443 OVIDII
789 400 923 444 NASONIS

286 545 419 606 Acrisius
435 553 574 622 superest,
591 543 641 621 qui
655 545 811 606 moenibus
826 555 924 606 arceat
936 544 1018 606 urbis

286 637 452 717 Argolicae,
468 647 629 714 contraque
643 638 732 698 deum
746 638 822 698 serat
836 658 924 712 arma,
939 656 1094 717 genusque

288 734 359 792 Non
372 740 457 808 putet
471 749 538 790 esse
552 731 660 790 deum:
681 750 778 807 neque
793 731 873 790 enirn
886 731 971 807 Jovis
985 750 1051 790 esse
1066 729 1189 807 putabat
1218 745 1257 784 610

288 826 405 896 Persea,
421 843 510 900 quem
524 824 625 900 pluvio
641 825 745 883 Danae
760 833 938 901 conceperat
951 843 1031 883 auro.

288 918 363 975 Mox
376 925 476 975 tamen
490 917 637 976 Acrisium
646 925 777 976 —tanta
790 927 836 976 est
849 915 1017 993 praesentia
1029 916 1139 974 veri-

287 1010 364 1068 Tam
378 1009 505 1068 violasse
519 1009 617 1092 deum,
633 1027 722 1084 quam
737 1029 797 1068 non
812 1028 939 1087 agnosse
952 1017 1102 1085 nepotem,

287 1099 444 1160 Poenitet:
464 1101 621 1178 impositus
639 1102 700 1180 jam
715 1103 800 1161 coelo
815 1112 861 1181 est
874 1102 967 1177 alter,
987 1111 1018 1160 at
1031 1103 1113 1174 alter,

287 1194 409 1271 Viperei
422 1194 552 1253 referens
566 1194 694 1271 spolium
708 1194 901 1254 memorabile
916 1189 1049 1267 monstri,

288 1289 370 1346 Atra
382 1287 523 1376 carpebat
537 1296 671 1346 tenerum
686 1286 879 1346 stridentibus
893 1287 956 1346 alis.

288 1380 448 1455 Quumque
463 1399 552 1456 super
566 1380 693 1456 Libycas
707 1380 801 1439 victor
815 1380 957 1456 penderet
971 1397 1085 1452 arenas,

287 1473 440 1550 Gorgonei
453 1473 558 1548 capitis
572 1482 672 1550 guttae
687 1473 821 1532 cecidere
835 1482 994 1546 cruentae,

288 1566 372 1640 Quas
386 1566 493 1624 humus
507 1576 646 1641 exceptas
660 1565 757 1625 varios
770 1564 910 1624 animavit
924 1565 955 1623 in
969 1584 1101 1642 angues:

287 1658 381 1717 Unde
394 1658 534 1734 frequens
548 1658 599 1717 illa
612 1667 658 1717 est
672 1657 837 1734 infestaque
851 1668 929 1717 terra
943 1655 1079 1717 colubris.

288 1749 366 1808 Inde
379 1769 434 1827 per
448 1751 625 1810 immensum
640 1751 738 1810 ventis
752 1750 939 1810 discordibus
952 1761 1036 1810 actus

288 1843 319 1900 N
320 1861 378 1902 unc
391 1845 458 1917 hue,
474 1862 554 1902 nunc
568 1843 645 1916 illuc,
661 1844 799 1920 exemplo
813 1842 900 1902 nubis
915 1862 1044 1919 aquosae

289 1935 401 2009 Fertur,
417 1946 447 1996 et
461 1955 498 1995 ex
512 1937 571 1996 alto
586 1936 724 1996 seductas
739 1937 857 1996 aethere
872 1937 961 2014 longe

288 2028 453 2104 Despectat
467 2039 569 2103 terraS,
585 2039 739 2105 totumque
754 2029 921 2106 supervolat
935 2030 1046 2088 orbem.

288 2120 348 2177 Ter
361 2122 476 2199 gelidas
491 2125 607 2195 Arctos,
623 2131 668 2181 ter
682 2121 792 2182 Caneri
805 2122 926 2181 brachia
939 2121 1032 2195 vidit,

289 2213 385 2290 Saepe
400 2215 455 2274 sub
469 2235 601 2288 occasus,
618 2233 707 2292 saepe
722 2223 769 2274 est
782 2215 897 2274 ablatus
911 2214 942 2272 in
956 2225 1057 2286 ortus;

287 2303 417 2385 Jamque
431 2308 557 2368 cadente
571 2308 620 2368 die
634 2307 742 2367 veritus
758 2325 791 2366 se
804 2306 926 2367 credere
939 2306 1021 2366 nocti

289 2400 432 2478 Constitit
447 2402 606 2477 Hesperio,
622 2401 720 2478 regnis
735 2400 874 2476 Atlantis,
889 2400 920 2457 in
934 2399 1015 2471 orbe,
1124 2402 1129 2411 ⁴

289 2495 493 2571 Exiguumque
508 2493 583 2570 petit
596 2492 736 2569 requiem,
753 2491 824 2550 dum
839 2491 957 2549 Lucifer
970 2491 1054 2569 ignes

289 2588 403 2645 Evocet
417 2587 559 2658 Aurorae,
574 2604 677 2645 cursus
692 2586 810 2643 Aurora
824 2584 954 2643 diurnos.

289 2678 360 2751 Hic,
375 2677 529 2737 hominum
543 2687 667 2737 cunctos
681 2676 795 2755 ingenti
810 2677 934 2753 corpore
950 2685 1111 2753 praestans,

289 2770 493 2848 Iapetionides
509 2770 595 2830 Atlas
610 2770 671 2830 fuit.
715 2768 832 2829 Ultima
845 2770 934 2829 tellus

289 2866 373 2940 Rege
388 2863 444 2922 sub
458 2863 515 2922 hoc
530 2872 560 2922 et
573 2872 684 2939 pontus
699 2872 769 2936 erat,
785 2862 836 2938 qui
853 2861 930 2922 Solis
944 2862 1059 2921 anhelis

290 2958 430 3032 Aequora
443 2955 545 3015 subdit
558 2955 642 3031 equis
657 2965 688 3014 et
701 2955 797 3014 fessos
811 2955 920 3032 excipit
933 2974 1010 3013 axes.

289 3049 375 3108 Mille
388 3067 494 3126 greges
508 3048 551 3106 illi
565 3048 750 3125 totidemque
765 3058 899 3107 armenta
911 3067 965 3125 per
978 3047 1085 3107 herbas

290 3142 444 3214 Errabant,
461 3150 490 3199 et
504 3141 626 3200 humum
640 3141 748 3223 vicinia
763 3142 845 3200 nulla
857 3141 1052 3218 premebant3

290 3234 442 3292 Arboreae
456 3233 577 3293 frondes
592 3253 662 3294 auro
677 3233 811 3294 radiante
825 3234 954 3293 nitentes

291 3327 337 3383 Ex
350 3344 420 3385 auro
434 3344 540 3399 ramos,
556 3346 593 3385 ex
606 3346 678 3385 auro
691 3346 782 3403 poma
795 3327 944 3403 tegebant.
966 3380 969 3384 .

237 3486 239 3501 ,
290 3419 422 3495 Hospes,
438 3419 479 3477 ait
494 3420 619 3477 Perseus
634 3419 685 3491 illi,
701 3438 752 3478 seu
767 3419 861 3496 gloria
874 3418 970 3497 tangit

288 3511 336 3568 Te
349 3510 466 3588 generis
480 3510 588 3587 magni,
603 3509 719 3587 generis
734 3511 807 3569 mihi
820 3510 936 3587 Jupiter
949 3518 1070 3583 auctor,

291 3603 360 3662 Sive
375 3620 407 3661 es
421 3602 542 3661 mirator
555 3621 660 3676 rerum,
675 3603 824 3662 mirabere'
833 3613 970 3663 nostras:

291 3693 475 3771 Hospitium,
490 3694 681 3771 requiemque
696 3704 775 3772 peto.
818 3698 937 3755 Memor
950 3694 1001 3753 ille
1014 3702 1149 3753 vetustae

291 3787 383 3847 Sortis
398 3797 478 3847 erat:
497 3787 621 3849 Themis
634 3789 713 3848 hanc
726 3788 850 3850 dederat
864 3785 1008 3849 Parnasia·
1018 3795 1147 3847 sortem:
