3017 4700
544 451 752 495 METAMORPH.
776 451 834 499 ΠΒ,
856 451 896 494 VI·
918 496 919 499 ,

233 597 379 656 Latonam
393 597 540 672 praeferre
552 595 636 670 mihi,
651 597 699 656 cui
712 597 842 656 maxima
855 597 1006 673 quandam

233 690 378 768 Exiguam
393 689 495 748 sedem
509 690 656 766 pariturae
671 699 748 749 terra
763 690 901 768 negavit?

233 785 297 842 Nec
312 783 398 842 coelo
412 800 468 840 nec
482 781 573 840 humo
588 801 644 841 nee
658 783 742 858 aquis
756 783 813 843 dea
825 793 923 842 vestra
935 791 1056 860 recepta
1068 790 1135 859 est3

232 876 308 934 Exul
323 887 385 934 erat
400 873 511 947 mundi,
527 875 632 948 donec,
643 876 787 935 miserata
800 886 967 953 vagantem,

232 968 364 1046 Hospita
378 978 410 1027 tu
424 967 507 1027 terris
521 985 602 1026 erras
613 989 622 1041 3
642 987 707 1046 ego,
723 967 805 1042 dixit,
820 967 971 1027 inundisl
1171 997 1208 1036 ιφ

232 1061 468 1137 Instabilemque
484 1061 583 1120 locum
598 1061 691 1120 Delos
706 1061 796 1120 dedit
840 1061 898 1119 illa
911 1061 1038 1120 duorum

231 1156 323 1214 Facta
335 1173 463 1231 parens:
482 1153 559 1212 uteri
573 1172 642 1230 pars
656 1153 730 1212 haec
744 1162 790 1212 est
803 1154 931 1230 septima
943 1152 1046 1213 nostri.

232 1248 303 1307 Sum
317 1248 405 1307 felix:
426 1247 491 1324 quis
506 1247 585 1306 enirn
600 1255 689 1322 neget
702 1247 781 1306 hoc?
800 1245 928 1331 felixque
942 1247 1079 1306 manebo.

231 1343 301 1401 Hoc
316 1360 435 1419 quoque
450 1341 516 1417 quis
530 1339 665 1400 dubitet?
705 1341 815 1398 Tutam
829 1357 879 1398 me
892 1339 978 1416 copia
991 1338 1079 1399 fecit:

231 1435 329 1512 Major
344 1427 417 1507 sum,
433 1452 520 1510 quam
537 1433 584 1492 cui
598 1431 695 1510 possit
710 1433 842 1491 Fortuna
855 1450 982 1506 nocere3
1170 1460 1205 1499 195

199 1513 386 1604 fuMultaque
401 1536 434 1586 ut
447 1525 559 1603 eripiat,
574 1525 669 1586 multo
683 1525 756 1584 mihi
770 1525 856 1602 plura
869 1525 1023 1600 relinquet.

230 1622 393 1680 Excessere
407 1629 519 1679 metum
534 1638 601 1680 mea
618 1620 680 1698 jam
694 1619 782 1678 bona.
827 1617 944 1696 Fingite
958 1617 1039 1677 demi

230 1712 312 1773 Huic
326 1713 436 1790 aliquid
452 1714 564 1791 populo
579 1723 714 1773 natorum
730 1731 821 1791 posse
834 1731 977 1785 meorum,

229 1807 300 1865 Non
315 1816 416 1866 tamen
430 1806 469 1865 ad
484 1825 638 1866 numerum
654 1806 771 1884 redigar
784 1805 913 1883 spoliata
925 1806 1052 1865 duorum

229 1895 384 1978 [Latonae.
427 1899 528 1958 Turba
542 1917 618 1976 quae
633 1909 776 1976 quantum
790 1899 882 1958 distat
895 1899 935 1957 ab
948 1895 1059 1978 orba?]
1166 1928 1205 1955 ιω

229 1994 275 2050 Ite
290 1992 391 2065 sacris,
406 2001 561 2069 properate
572 1993 672 2065 sautia,
688 1993 862 2068 laurumque
876 1991 991 2067 capillis

229 2085 351 2144 Ponite!
362 2119 403 2128 -
414 2086 579 2163 Deponunt
592 2095 623 2144 et
636 2103 719 2144 sacra
732 2085 843 2144 infecta
855 2085 1035 2160 relinquunt,

228 2178 377 2254 Quodque
393 2178 470 2252 licet,
486 2179 576 2238 tacito
591 2187 768 2238 venerantur
781 2193 930 2236 murmure
944 2192 1064 2236 numen

228 2272 388 2350 Indignata
402 2272 459 2331 dea
472 2267 526 2345 est,
543 2289 718 2347 summoque
733 2270 764 2329 in
777 2269 886 2330 vertice
902 2269 1013 2349 Cynthi

227 2365 350 2425 Talibus
365 2376 410 2425 est
424 2365 511 2425 dictis
524 2366 645 2443 gemina
659 2384 727 2424 curn
741 2365 824 2442 prole
838 2366 955 2425 locuta:
1166 2388 1203 2428 ωε

228 2459 274 2517 En
290 2477 354 2537 ego,
370 2468 469 2518 vestra
482 2476 598 2535 parens,
614 2458 700 2518 vobis
715 2458 851 2519 animosa
864 2459 979 2531 creatis,

227 2552 266 2610 Et
280 2552 337 2611 nisi
350 2552 463 2629 Junoni
478 2552 551 2612 nulli
565 2569 685 2611 cessura
698 2551 830 2625 dearum

205 2702 209 2707 ,
227 2647 276 2703 An
291 2645 349 2704 dea
362 2645 425 2719 sim,
441 2645 568 2718 dubitor,
583 2663 696 2721 perque
711 2645 813 2705 omnia
826 2646 926 2705 secula
938 2642 1027 2704 cultis

227 2740 347 2812 Arceor,
363 2758 381 2798 o
396 2738 466 2812 nati,
482 2738 540 2797 nisi
553 2744 607 2797 tos
622 2737 800 2812 succurritis,
816 2738 882 2798 aris.

227 2832 292 2890 Nec
307 2831 391 2891 dolor
405 2832 454 2891 hie
468 2832 567 2891 solus:
587 2832 653 2891 diro
668 2832 804 2891 convicia
816 2832 896 2891 facto

227 2920 362 2983 Tantalis
376 2924 493 3003 adjecit,
509 2941 622 3001 vosque
637 2934 683 2983 est
697 2935 878 3001 postponere
892 2925 971 2984 natis

227 3018 309 3075 Ausa
324 3017 394 3090 suis,
409 3026 440 3075 et
453 3036 509 3091 me,
525 3019 606 3093 quod
621 3018 652 3076 in
666 3018 762 3095 ipsam
775 3018 896 3091 recidat,
912 3018 1016 3077 orbam

166 3136 171 3139 ·
227 3107 318 3183 Dixit,
334 3128 370 3167 ex
384 3109 517 3169 exhibuit
531 3111 661 3189 linguam
675 3112 819 3171 scelerata
831 3121 994 3187 paternam.

227 3201 390 3280 Adjectura
403 3221 507 3279 preces
522 3214 584 3263 erat
598 3205 644 3263 his
659 3207 778 3264 Latona
790 3204 910 3278 relatis;

227 3293 359 3354 Desine:
379 3296 518 3355 Phoebus
532 3297 581 3369 ait,
596 3314 809 3372 poenae·mora
822 3297 912 3375 longa
926 3290 1047 3373 querela
1060 3304 1113 3356 est
1165 3324 1202 3362 ,ις

227 3386 310 3447 Dixit
323 3382 402 3447 idem
418 3389 540 3447 Phoebe
550 3409 559 3463 ;
580 3388 728 3465 celerique
742 3409 798 3467 per
810 3393 880 3450 aira
893 3391 979 3467 lapsu

226 3479 419 3558 Contigerant
432 3480 503 3539 tecti
519 3478 683 3540 Cadmeida
697 3482 827 3542 nubibus
842 3502 949 3543 arcem.

226 3570 337 3631 Planus
352 3581 414 3632 erat
428 3573 546 3650 lateque
560 3584 667 3651 patens
681 3594 775 3651 prope
788 3576 908 3635 moenia
921 3592 1052 3653 campus,

223 3658 510 3757 Assiduisspulsatus
524 3667 616 3744 equis,
631 3668 683 3727 ubi
697 3669 783 3728 turba
796 3679 926 3729 rotarum

226 3758 367 3835 Duraque
382 3760 528 3822 mollierat
542 3762 689 3841 subjectas
702 3764 813 3840 ungula
825 3764 939 3841 glebas.
966 3774 968 3778 ’

226 3850 299 3909 Pars
313 3851 354 3910 ibi
369 3852 406 3911 de
421 3864 535 3931 septem
548 3852 657 3935 genitis
671 3855 842 3932 Amphione
855 3857 948 3917 fortes
