<?xml version="1.0" encoding="UTF-8"?>
<!DOCTYPE html PUBLIC "-//W3C//DTD XHTML 1.0 Transitional//EN"
    "http://www.w3.org/TR/xhtml1/DTD/xhtml1-transitional.dtd">
<html xmlns="http://www.w3.org/1999/xhtml" xml:lang="en" lang="en">
 <head>
  <title>
</title>
<meta http-equiv="Content-Type" content="text/html;charset=utf-8" />
  <meta name='ocr-system' content='tesseract 3.04.00' />
  <meta name='ocr-capabilities' content='ocr_page ocr_carea ocr_par ocr_line ocrx_word'/>
</head>
<body>
  <div class='ocr_page' id='page_1' title='image "./selectionsfromo01virggoog_0099.png"; bbox 0 0 3017 4700; ppageno 0'>
   <div class='ocr_carea' id='block_1_1' title="bbox 538 405 862 466">
    <p class='ocr_par' dir='ltr' id='par_1_1' title="bbox 538 405 862 466">
     <span class='ocr_line' id='line_1_1' title="bbox 538 405 862 466; baseline 0 -2"><span class='ocrx_word' id='word_1_1' title='bbox 538 422 719 465; x_wconf 78' lang='lat' dir='ltr'>ououorcou</span> <span class='ocrx_word' id='word_1_2' title='bbox 740 423 799 466; x_wconf 79' lang='lat' dir='ltr'>ura.</span> <span class='ocrx_word' id='word_1_3' title='bbox 819 423 838 464; x_wconf 89' lang='lat'>1.</span> <span class='ocrx_word' id='word_1_4' title='bbox 860 405 862 410; x_wconf 84' lang='lat'>&#39;</span> 
     </span>
    </p>
   </div>
   <div class='ocr_carea' id='block_1_2' title="bbox 203 567 1130 3901">
    <p class='ocr_par' dir='ltr' id='par_1_2' title="bbox 203 567 1130 3901">
     <span class='ocr_line' id='line_1_2' title="bbox 204 567 975 644; baseline -0.003 -13"><span class='ocrx_word' id='word_1_5' title='bbox 204 570 360 643; x_wconf 86' lang='lat' dir='ltr'><strong>Paulatim,</strong></span> <span class='ocrx_word' id='word_1_6' title='bbox 376 578 406 628; x_wconf 93' lang='lat' dir='ltr'>et</span> <span class='ocrx_word' id='word_1_7' title='bbox 420 567 509 628; x_wconf 89' lang='lat' dir='ltr'>sulcis</span> <span class='ocrx_word' id='word_1_8' title='bbox 523 567 662 628; x_wconf 86' lang='lat' dir='ltr'><strong>frumenti</strong></span> <span class='ocrx_word' id='word_1_9' title='bbox 676 577 829 644; x_wconf 89' lang='lat' dir='ltr'>quaereret</span> <span class='ocrx_word' id='word_1_10' title='bbox 842 567 975 642; x_wconf 86' lang='lat' dir='ltr'>herbam,</span> 
     </span>
     <span class='ocr_line' id='line_1_3' title="bbox 203 649 922 738; baseline -0.006 -14"><span class='ocrx_word' id='word_1_11' title='bbox 203 667 250 724; x_wconf 90' lang='lat' dir='ltr'>Ut</span> <span class='ocrx_word' id='word_1_12' title='bbox 263 662 351 722; x_wconf 90' lang='lat' dir='ltr'>silicis</span> <span class='ocrx_word' id='word_1_13' title='bbox 365 649 448 722; x_wconf 90' lang='lat' dir='ltr'>venis</span> <span class='ocrx_word' id='word_1_14' title='bbox 461 662 628 721; x_wconf 90' lang='lat' dir='ltr'>abstrusum</span> <span class='ocrx_word' id='word_1_15' title='bbox 642 663 801 722; x_wconf 84' lang='lat' dir='ltr'><strong>excuderet</strong></span> <span class='ocrx_word' id='word_1_16' title='bbox 815 661 922 738; x_wconf 85' lang='lat' dir='ltr'><strong>ignem.</strong></span> 
     </span>
     <span class='ocr_line' id='line_1_4' title="bbox 204 753 910 831; baseline -0.003 -15"><span class='ocrx_word' id='word_1_17' title='bbox 204 759 291 816; x_wconf 91' lang='lat' dir='ltr'>Tunc</span> <span class='ocrx_word' id='word_1_18' title='bbox 306 757 389 814; x_wconf 92' lang='lat' dir='ltr'>alnos</span> <span class='ocrx_word' id='word_1_19' title='bbox 403 753 530 831; x_wconf 89' lang='lat' dir='ltr'>primum</span> <span class='ocrx_word' id='word_1_20' title='bbox 544 753 625 813; x_wconf 89' lang='lat' dir='ltr'>fluvii</span> <span class='ocrx_word' id='word_1_21' title='bbox 640 773 757 814; x_wconf 89' lang='lat' dir='ltr'>sensere</span> <span class='ocrx_word' id='word_1_22' title='bbox 772 763 910 828; x_wconf 77' lang='lat' dir='ltr'>cavatas3</span> 
     </span>
     <span class='ocr_line' id='line_1_5' title="bbox 204 847 926 922; baseline -0.004 -13"><span class='ocrx_word' id='word_1_23' title='bbox 204 848 314 909; x_wconf 85' lang='lat' dir='ltr'>Navita</span> <span class='ocrx_word' id='word_1_24' title='bbox 327 858 390 908; x_wconf 92' lang='lat' dir='ltr'>tum</span> <span class='ocrx_word' id='word_1_25' title='bbox 404 847 497 907; x_wconf 91' lang='lat' dir='ltr'>stellis</span> <span class='ocrx_word' id='word_1_26' title='bbox 511 865 651 906; x_wconf 89' lang='lat' dir='ltr'>numeros</span> <span class='ocrx_word' id='word_1_27' title='bbox 666 857 695 906; x_wconf 92' lang='lat' dir='ltr'>et</span> <span class='ocrx_word' id='word_1_28' title='bbox 711 847 834 906; x_wconf 88' lang='lat' dir='ltr'>nomina</span> <span class='ocrx_word' id='word_1_29' title='bbox 847 847 926 922; x_wconf 88' lang='lat' dir='ltr'>fecit,</span> 
     </span>
     <span class='ocr_line' id='line_1_6' title="bbox 203 941 995 1018; baseline 0.001 -17"><span class='ocrx_word' id='word_1_30' title='bbox 203 942 349 1015; x_wconf 83' lang='lat' dir='ltr'>Pleiadas,</span> <span class='ocrx_word' id='word_1_31' title='bbox 366 942 498 1018; x_wconf 85' lang='lat' dir='ltr'>Hyadas,</span> <span class='ocrx_word' id='word_1_32' title='bbox 514 941 682 1016; x_wconf 88' lang='lat' dir='ltr'>claramque</span> <span class='ocrx_word' id='word_1_33' title='bbox 697 941 845 1018; x_wconf 90' lang='lat' dir='ltr'>Lycaonis</span> <span class='ocrx_word' id='word_1_34' title='bbox 860 945 995 1018; x_wconf 85' lang='lat' dir='ltr'>Arcton3</span> 
     </span>
     <span class='ocr_line' id='line_1_7' title="bbox 203 1033 910 1110; baseline -0.001 -15"><span class='ocrx_word' id='word_1_35' title='bbox 203 1037 283 1095; x_wconf 87' lang='lat' dir='ltr'>Turn</span> <span class='ocrx_word' id='word_1_36' title='bbox 297 1033 409 1110; x_wconf 92' lang='lat' dir='ltr'>laqueis</span> <span class='ocrx_word' id='word_1_37' title='bbox 437 1044 555 1110; x_wconf 91' lang='lat' dir='ltr'>captare</span> <span class='ocrx_word' id='word_1_38' title='bbox 569 1033 654 1107; x_wconf 87' lang='lat' dir='ltr'>feras,</span> <span class='ocrx_word' id='word_1_39' title='bbox 670 1043 700 1093; x_wconf 91' lang='lat' dir='ltr'>et</span> <span class='ocrx_word' id='word_1_40' title='bbox 714 1034 814 1094; x_wconf 89' lang='lat' dir='ltr'>fallere</span> <span class='ocrx_word' id='word_1_41' title='bbox 828 1033 910 1094; x_wconf 89' lang='lat' dir='ltr'>visco</span> 
     </span>
     <span class='ocr_line' id='line_1_8' title="bbox 205 1126 1002 1204; baseline 0.001 -17"><span class='ocrx_word' id='word_1_42' title='bbox 205 1131 373 1200; x_wconf 87' lang='lat' dir='ltr'>Inventum,</span> <span class='ocrx_word' id='word_1_43' title='bbox 389 1136 419 1186; x_wconf 91' lang='lat' dir='ltr'>et</span> <span class='ocrx_word' id='word_1_44' title='bbox 432 1145 555 1204; x_wconf 91' lang='lat' dir='ltr'>magnos</span> <span class='ocrx_word' id='word_1_45' title='bbox 570 1126 693 1186; x_wconf 89' lang='lat' dir='ltr'>canibus</span> <span class='ocrx_word' id='word_1_46' title='bbox 707 1127 889 1187; x_wconf 88' lang='lat' dir='ltr'>circumdare</span> <span class='ocrx_word' id='word_1_47' title='bbox 904 1129 1002 1189; x_wconf 91' lang='lat' dir='ltr'>saltus.</span> 
     </span>
     <span class='ocr_line' id='line_1_9' title="bbox 205 1219 968 1296; baseline -0.001 -17"><span class='ocrx_word' id='word_1_48' title='bbox 205 1224 305 1296; x_wconf 88' lang='lat' dir='ltr'>Atque</span> <span class='ocrx_word' id='word_1_49' title='bbox 319 1219 393 1279; x_wconf 92' lang='lat' dir='ltr'>alius</span> <span class='ocrx_word' id='word_1_50' title='bbox 408 1221 499 1279; x_wconf 89' lang='lat' dir='ltr'>latum</span> <span class='ocrx_word' id='word_1_51' title='bbox 513 1220 605 1279; x_wconf 86' lang='lat' dir='ltr'>sunda</span> <span class='ocrx_word' id='word_1_52' title='bbox 617 1221 679 1296; x_wconf 89' lang='lat' dir='ltr'>jam</span> <span class='ocrx_word' id='word_1_53' title='bbox 692 1222 827 1280; x_wconf 89' lang='lat' dir='ltr'>verberat</span> <span class='ocrx_word' id='word_1_54' title='bbox 841 1240 968 1295; x_wconf 88' lang='lat' dir='ltr'>amnem,</span> 
     </span>
     <span class='ocr_line' id='line_1_10' title="bbox 205 1312 1008 1389; baseline 0.002 -17"><span class='ocrx_word' id='word_1_55' title='bbox 205 1314 277 1373; x_wconf 90' lang='lat' dir='ltr'>Alta</span> <span class='ocrx_word' id='word_1_56' title='bbox 289 1323 403 1389; x_wconf 91' lang='lat' dir='ltr'>petens,</span> <span class='ocrx_word' id='word_1_57' title='bbox 418 1314 584 1389; x_wconf 87' lang='lat' dir='ltr'>pelagoque</span> <span class='ocrx_word' id='word_1_58' title='bbox 598 1313 672 1372; x_wconf 86' lang='lat' dir='ltr'>alius</span> <span class='ocrx_word' id='word_1_59' title='bbox 687 1312 775 1372; x_wconf 90' lang='lat' dir='ltr'>trahit</span> <span class='ocrx_word' id='word_1_60' title='bbox 789 1313 910 1372; x_wconf 89' lang='lat' dir='ltr'>humida</span> <span class='ocrx_word' id='word_1_61' title='bbox 924 1314 1008 1374; x_wconf 68' lang='lat' dir='ltr'>lina..</span> 
     </span>
     <span class='ocr_line' id='line_1_11' title="bbox 204 1404 983 1482; baseline 0.003 -18"><span class='ocrx_word' id='word_1_62' title='bbox 204 1407 282 1464; x_wconf 91' lang='lat' dir='ltr'>Tum</span> <span class='ocrx_word' id='word_1_63' title='bbox 296 1404 363 1466; x_wconf 83' lang='lat' dir='ltr'>ferri</span> <span class='ocrx_word' id='word_1_64' title='bbox 376 1404 454 1482; x_wconf 90' lang='lat' dir='ltr'>rigor</span> <span class='ocrx_word' id='word_1_65' title='bbox 467 1415 556 1481; x_wconf 89' lang='lat' dir='ltr'>atque</span> <span class='ocrx_word' id='word_1_66' title='bbox 571 1415 689 1482; x_wconf 84' lang='lat' dir='ltr'>argutae</span> <span class='ocrx_word' id='word_1_67' title='bbox 704 1405 814 1466; x_wconf 88' lang='lat' dir='ltr'>lamina</span> <span class='ocrx_word' id='word_1_68' title='bbox 828 1425 933 1480; x_wconf 86' lang='lat' dir='ltr'>serrae,</span> <span class='ocrx_word' id='word_1_69' title='bbox 942 1440 983 1450; x_wconf 94' lang='lat'><em>-</em></span> 
     </span>
     <span class='ocr_line' id='line_1_12' title="bbox 206 1497 973 1578; baseline -0.003 -20"><span class='ocrx_word' id='word_1_70' title='bbox 206 1501 285 1558; x_wconf 90' lang='lat' dir='ltr'>Nam</span> <span class='ocrx_word' id='word_1_71' title='bbox 299 1498 385 1575; x_wconf 91' lang='lat' dir='ltr'>primi</span> <span class='ocrx_word' id='word_1_72' title='bbox 400 1497 501 1558; x_wconf 91' lang='lat' dir='ltr'>cuneis</span> <span class='ocrx_word' id='word_1_73' title='bbox 516 1497 691 1559; x_wconf 88' lang='lat' dir='ltr'>scindebant</span> <span class='ocrx_word' id='word_1_74' title='bbox 704 1499 795 1559; x_wconf 88' lang='lat' dir='ltr'>fissile</span> <span class='ocrx_word' id='word_1_75' title='bbox 810 1498 973 1578; x_wconf 81' lang='lat' dir='ltr'>lignum—</span> 
     </span>
     <span class='ocr_line' id='line_1_13' title="bbox 205 1591 956 1654; baseline 0.004 -5"><span class='ocrx_word' id='word_1_76' title='bbox 205 1593 283 1650; x_wconf 90' lang='lat' dir='ltr'>Tum</span> <span class='ocrx_word' id='word_1_77' title='bbox 297 1591 394 1651; x_wconf 91' lang='lat' dir='ltr'>variae</span> <span class='ocrx_word' id='word_1_78' title='bbox 408 1611 515 1651; x_wconf 90' lang='lat' dir='ltr'>venere</span> <span class='ocrx_word' id='word_1_79' title='bbox 529 1602 614 1651; x_wconf 86' lang='lat' dir='ltr'>artes.</span> <span class='ocrx_word' id='word_1_80' title='bbox 658 1593 758 1654; x_wconf 82' lang='lat' dir='ltr'>Labor</span> <span class='ocrx_word' id='word_1_81' title='bbox 772 1591 872 1652; x_wconf 90' lang='lat' dir='ltr'>omnia</span> <span class='ocrx_word' id='word_1_82' title='bbox 885 1591 956 1652; x_wconf 89' lang='lat' dir='ltr'>vicit</span> 
     </span>
     <span class='ocr_line' id='line_1_14' title="bbox 206 1683 919 1762; baseline 0.004 -19"><span class='ocrx_word' id='word_1_83' title='bbox 206 1685 354 1760; x_wconf 83' lang='lat' dir='ltr'>Inprobus</span> <span class='ocrx_word' id='word_1_84' title='bbox 369 1694 398 1743; x_wconf 93' lang='lat' dir='ltr'>et</span> <span class='ocrx_word' id='word_1_85' title='bbox 413 1683 492 1744; x_wconf 85' lang='lat' dir='ltr'>duris</span> <span class='ocrx_word' id='word_1_86' title='bbox 506 1703 634 1762; x_wconf 88' lang='lat' dir='ltr'>urguens</span> <span class='ocrx_word' id='word_1_87' title='bbox 649 1683 679 1743; x_wconf 93' lang='lat' dir='ltr'>in</span> <span class='ocrx_word' id='word_1_88' title='bbox 694 1687 781 1744; x_wconf 89' lang='lat' dir='ltr'>rebus</span> <span class='ocrx_word' id='word_1_89' title='bbox 797 1695 919 1762; x_wconf 78' lang='lat' dir='ltr'>egestas</span> 
     </span>
     <span class='ocr_line' id='line_1_15' title="bbox 206 1776 902 1864; baseline 0.004 -29"><span class='ocrx_word' id='word_1_90' title='bbox 206 1776 305 1864; x_wconf 75' lang='lat' dir='ltr'>Prima</span> <span class='ocrx_word' id='word_1_91' title='bbox 320 1779 410 1838; x_wconf 91' lang='lat' dir='ltr'>Ceres</span> <span class='ocrx_word' id='word_1_92' title='bbox 424 1778 501 1836; x_wconf 86' lang='lat' dir='ltr'>ferro</span> <span class='ocrx_word' id='word_1_93' title='bbox 515 1778 656 1837; x_wconf 90' lang='lat' dir='ltr'>mortales</span> <span class='ocrx_word' id='word_1_94' title='bbox 669 1788 783 1856; x_wconf 67' lang='lat' dir='ltr'>uertere</span> <span class='ocrx_word' id='word_1_95' title='bbox 798 1789 902 1838; x_wconf 89' lang='lat' dir='ltr'>terram</span> 
     </span>
     <span class='ocr_line' id='line_1_16' title="bbox 206 1869 1002 1947; baseline 0.005 -18"><span class='ocrx_word' id='word_1_96' title='bbox 206 1869 346 1944; x_wconf 89' lang='lat' dir='ltr'>Instituit,</span> <span class='ocrx_word' id='word_1_97' title='bbox 363 1889 453 1946; x_wconf 92' lang='lat' dir='ltr'>quum</span> <span class='ocrx_word' id='word_1_98' title='bbox 465 1871 528 1946; x_wconf 83' lang='lat' dir='ltr'>J‘am</span> <span class='ocrx_word' id='word_1_99' title='bbox 541 1870 666 1946; x_wconf 88' lang='lat' dir='ltr'>glandes</span> <span class='ocrx_word' id='word_1_100' title='bbox 679 1881 769 1947; x_wconf 89' lang='lat' dir='ltr'>atque</span> <span class='ocrx_word' id='word_1_101' title='bbox 783 1872 887 1932; x_wconf 90' lang='lat' dir='ltr'>arbuta</span> <span class='ocrx_word' id='word_1_102' title='bbox 901 1890 1002 1933; x_wconf 89' lang='lat' dir='ltr'>sacrae</span> 
     </span>
     <span class='ocr_line' id='line_1_17' title="bbox 206 1962 936 2041; baseline 0.003 -19"><span class='ocrx_word' id='word_1_103' title='bbox 206 1964 376 2024; x_wconf 86' lang='lat' dir='ltr'>Deficerent</span> <span class='ocrx_word' id='word_1_104' title='bbox 390 1962 480 2022; x_wconf 92' lang='lat' dir='ltr'>silvae</span> <span class='ocrx_word' id='word_1_105' title='bbox 495 1973 525 2023; x_wconf 91' lang='lat' dir='ltr'>et</span> <span class='ocrx_word' id='word_1_106' title='bbox 539 1962 650 2029; x_wconf 89' lang='lat' dir='ltr'>victum</span> <span class='ocrx_word' id='word_1_107' title='bbox 664 1965 797 2024; x_wconf 90' lang='lat' dir='ltr'>Dodona</span> <span class='ocrx_word' id='word_1_108' title='bbox 810 1976 936 2041; x_wconf 89' lang='lat' dir='ltr'>negaret.</span> 
     </span>
     <span class='ocr_line' id='line_1_18' title="bbox 207 2055 1000 2130; baseline 0.005 -16"><span class='ocrx_word' id='word_1_109' title='bbox 207 2058 282 2115; x_wconf 75' lang='lat' dir='ltr'>Mox</span> <span class='ocrx_word' id='word_1_110' title='bbox 297 2066 326 2116; x_wconf 92' lang='lat' dir='ltr'>et</span> <span class='ocrx_word' id='word_1_111' title='bbox 340 2055 493 2114; x_wconf 84' lang='lat' dir='ltr'>frumentis</span> <span class='ocrx_word' id='word_1_112' title='bbox 506 2056 591 2116; x_wconf 92' lang='lat' dir='ltr'>labor</span> <span class='ocrx_word' id='word_1_113' title='bbox 605 2056 731 2130; x_wconf 88' lang='lat' dir='ltr'>additus,</span> <span class='ocrx_word' id='word_1_114' title='bbox 747 2066 780 2116; x_wconf 94' lang='lat' dir='ltr'>ut</span> <span class='ocrx_word' id='word_1_115' title='bbox 794 2059 873 2117; x_wconf 86' lang='lat' dir='ltr'>mala</span> <span class='ocrx_word' id='word_1_116' title='bbox 886 2059 1000 2118; x_wconf 92' lang='lat' dir='ltr'>culmos</span> 
     </span>
     <span class='ocr_line' id='line_1_19' title="bbox 207 2147 863 2226; baseline 0.003 -19"><span class='ocrx_word' id='word_1_117' title='bbox 207 2150 294 2208; x_wconf 88' lang='lat' dir='ltr'>Esset</span> <span class='ocrx_word' id='word_1_118' title='bbox 307 2147 412 2225; x_wconf 93' lang='lat' dir='ltr'>robigo</span> <span class='ocrx_word' id='word_1_119' title='bbox 425 2148 582 2226; x_wconf 90' lang='lat' dir='ltr'>segnisque</span> <span class='ocrx_word' id='word_1_120' title='bbox 596 2149 728 2210; x_wconf 90' lang='lat' dir='ltr'>horreret</span> <span class='ocrx_word' id='word_1_121' title='bbox 741 2149 772 2208; x_wconf 92' lang='lat' dir='ltr'>in</span> <span class='ocrx_word' id='word_1_122' title='bbox 787 2151 863 2209; x_wconf 89' lang='lat' dir='ltr'>arvis</span> 
     </span>
     <span class='ocr_line' id='line_1_20' title="bbox 208 2241 972 2321; baseline 0.003 -20"><span class='ocrx_word' id='word_1_123' title='bbox 208 2242 362 2316; x_wconf 82' lang='lat' dir='ltr'>Carduus3</span> <span class='ocrx_word' id='word_1_124' title='bbox 382 2241 529 2301; x_wconf 91' lang='lat' dir='ltr'>intereunt</span> <span class='ocrx_word' id='word_1_125' title='bbox 543 2252 665 2318; x_wconf 85' lang='lat' dir='ltr'>segetes,</span> <span class='ocrx_word' id='word_1_126' title='bbox 681 2242 760 2302; x_wconf 89' lang='lat' dir='ltr'>subit</span> <span class='ocrx_word' id='word_1_127' title='bbox 774 2262 878 2321; x_wconf 89' lang='lat' dir='ltr'>aspera</span> <span class='ocrx_word' id='word_1_128' title='bbox 891 2244 972 2318; x_wconf 86' lang='lat' dir='ltr'>silva,</span> 
     </span>
     <span class='ocr_line' id='line_1_21' title="bbox 208 2334 950 2414; baseline 0.004 -19"><span class='ocrx_word' id='word_1_129' title='bbox 208 2336 389 2414; x_wconf 89' lang='lat' dir='ltr'>Lappaeque</span> <span class='ocrx_word' id='word_1_130' title='bbox 402 2335 569 2412; x_wconf 87' lang='lat' dir='ltr'>tribulique,</span> <span class='ocrx_word' id='word_1_131' title='bbox 585 2334 719 2413; x_wconf 90' lang='lat' dir='ltr'>interque</span> <span class='ocrx_word' id='word_1_132' title='bbox 733 2335 857 2397; x_wconf 87' lang='lat' dir='ltr'>nitentia</span> <span class='ocrx_word' id='word_1_133' title='bbox 871 2338 950 2398; x_wconf 91' lang='lat' dir='ltr'>culta</span> 
     </span>
     <span class='ocr_line' id='line_1_22' title="bbox 208 2428 936 2491; baseline 0.004 -3"><span class='ocrx_word' id='word_1_134' title='bbox 208 2429 315 2488; x_wconf 85' lang='lat' dir='ltr'>Infelix</span> <span class='ocrx_word' id='word_1_135' title='bbox 328 2428 430 2488; x_wconf 90' lang='lat' dir='ltr'>lolium</span> <span class='ocrx_word' id='word_1_136' title='bbox 445 2440 474 2489; x_wconf 91' lang='lat' dir='ltr'>et</span> <span class='ocrx_word' id='word_1_137' title='bbox 489 2429 601 2491; x_wconf 90' lang='lat' dir='ltr'>steriles</span> <span class='ocrx_word' id='word_1_138' title='bbox 614 2429 804 2491; x_wconf 87' lang='lat' dir='ltr'>dominantur</span> <span class='ocrx_word' id='word_1_139' title='bbox 818 2450 936 2491; x_wconf 89' lang='lat' dir='ltr'>avenae.</span> 
     </span>
     <span class='ocr_line' id='line_1_23' title="bbox 208 2520 1008 2600; baseline 0.009 -20"><span class='ocrx_word' id='word_1_140' title='bbox 208 2521 298 2595; x_wconf 88' lang='lat' dir='ltr'>Quod</span> <span class='ocrx_word' id='word_1_141' title='bbox 312 2520 368 2581; x_wconf 90' lang='lat' dir='ltr'>nisi</span> <span class='ocrx_word' id='word_1_142' title='bbox 383 2532 412 2581; x_wconf 90' lang='lat' dir='ltr'>et</span> <span class='ocrx_word' id='word_1_143' title='bbox 426 2522 551 2583; x_wconf 91' lang='lat' dir='ltr'>assiduis</span> <span class='ocrx_word' id='word_1_144' title='bbox 565 2524 687 2583; x_wconf 86' lang='lat' dir='ltr'>herbam</span> <span class='ocrx_word' id='word_1_145' title='bbox 700 2523 885 2599; x_wconf 79' lang='lat' dir='ltr'>insectabere</span> <span class='ocrx_word' id='word_1_146' title='bbox 899 2524 1008 2600; x_wconf 84' lang='lat' dir='ltr'>rastris,</span> 
     </span>
     <span class='ocr_line' id='line_1_24' title="bbox 209 2614 1130 2701; baseline 0.005 -28"><span class='ocrx_word' id='word_1_147' title='bbox 209 2616 247 2673; x_wconf 88' lang='lat' dir='ltr'>Et</span> <span class='ocrx_word' id='word_1_148' title='bbox 261 2614 361 2673; x_wconf 91' lang='lat' dir='ltr'>sonitu</span> <span class='ocrx_word' id='word_1_149' title='bbox 375 2615 496 2675; x_wconf 91' lang='lat' dir='ltr'>terrebis</span> <span class='ocrx_word' id='word_1_150' title='bbox 511 2635 588 2689; x_wconf 86' lang='lat' dir='ltr'>aves,</span> <span class='ocrx_word' id='word_1_151' title='bbox 603 2626 633 2677; x_wconf 91' lang='lat' dir='ltr'>et</span> <span class='ocrx_word' id='word_1_152' title='bbox 646 2616 719 2676; x_wconf 88' lang='lat' dir='ltr'>ruris</span> <span class='ocrx_word' id='word_1_153' title='bbox 733 2617 820 2695; x_wconf 86' lang='lat' dir='ltr'>opaci</span> <span class='ocrx_word' id='word_1_154' title='bbox 1129 2698 1130 2701; x_wconf 7' lang='grc' dir='ltr'><strong>Ἴ</strong></span> 
     </span>
     <span class='ocr_line' id='line_1_25' title="bbox 209 2708 1048 2786; baseline 0.01 -21"><span class='ocrx_word' id='word_1_155' title='bbox 209 2708 297 2766; x_wconf 86' lang='lat' dir='ltr'>Falce</span> <span class='ocrx_word' id='word_1_156' title='bbox 311 2726 428 2783; x_wconf 90' lang='lat' dir='ltr'>premes</span> <span class='ocrx_word' id='word_1_157' title='bbox 442 2709 585 2783; x_wconf 91' lang='lat' dir='ltr'>umbram,</span> <span class='ocrx_word' id='word_1_158' title='bbox 601 2708 735 2786; x_wconf 91' lang='lat' dir='ltr'>votisque</span> <span class='ocrx_word' id='word_1_159' title='bbox 749 2710 901 2773; x_wconf 89' lang='lat' dir='ltr'>vocaveris</span> <span class='ocrx_word' id='word_1_160' title='bbox 916 2710 1048 2786; x_wconf 90' lang='lat' dir='ltr'>imbrem,</span> 
     </span>
     <span class='ocr_line' id='line_1_26' title="bbox 209 2802 1019 2881; baseline 0.009 -23"><span class='ocrx_word' id='word_1_161' title='bbox 209 2802 288 2873; x_wconf 91' lang='lat' dir='ltr'>Heu,</span> <span class='ocrx_word' id='word_1_162' title='bbox 303 2819 443 2877; x_wconf 89' lang='lat' dir='ltr'>magnum</span> <span class='ocrx_word' id='word_1_163' title='bbox 458 2802 577 2863; x_wconf 91' lang='lat' dir='ltr'>alterius</span> <span class='ocrx_word' id='word_1_164' title='bbox 591 2802 697 2863; x_wconf 86' lang='lat' dir='ltr'>frustra</span> <span class='ocrx_word' id='word_1_165' title='bbox 710 2804 859 2881; x_wconf 90' lang='lat' dir='ltr'>spectabis</span> <span class='ocrx_word' id='word_1_166' title='bbox 873 2824 1019 2880; x_wconf 87' lang='lat' dir='ltr'>acervum,</span> 
     </span>
     <span class='ocr_line' id='line_1_27' title="bbox 209 2894 954 2973; baseline 0.004 -19"><span class='ocrx_word' id='word_1_167' title='bbox 209 2894 421 2968; x_wconf 90' lang='lat' dir='ltr'>Concussaque</span> <span class='ocrx_word' id='word_1_168' title='bbox 436 2894 533 2953; x_wconf 87' lang='lat' dir='ltr'>famen</span> <span class='ocrx_word' id='word_1_169' title='bbox 548 2894 578 2953; x_wconf 91' lang='lat' dir='ltr'>in</span> <span class='ocrx_word' id='word_1_170' title='bbox 593 2895 674 2956; x_wconf 91' lang='lat' dir='ltr'>silvis</span> <span class='ocrx_word' id='word_1_171' title='bbox 689 2898 822 2959; x_wconf 90' lang='lat' dir='ltr'>solabere</span> <span class='ocrx_word' id='word_1_172' title='bbox 837 2917 954 2973; x_wconf 90' lang='lat' dir='ltr'>quercu.</span> 
     </span>
     <span class='ocr_line' id='line_1_28' title="bbox 248 2984 1008 3067; baseline 0.011 -23"><span class='ocrx_word' id='word_1_173' title='bbox 248 2984 417 3045; x_wconf 88' lang='lat' dir='ltr'>Dicendum</span> <span class='ocrx_word' id='word_1_174' title='bbox 431 2996 469 3059; x_wconf 86' lang='lat' dir='ltr'>et,</span> <span class='ocrx_word' id='word_1_175' title='bbox 486 3005 561 3062; x_wconf 92' lang='lat' dir='ltr'>quae</span> <span class='ocrx_word' id='word_1_176' title='bbox 576 2987 634 3048; x_wconf 93' lang='lat' dir='ltr'>sint</span> <span class='ocrx_word' id='word_1_177' title='bbox 648 2989 727 3050; x_wconf 85' lang='lat' dir='ltr'>duris</span> <span class='ocrx_word' id='word_1_178' title='bbox 741 2990 904 3067; x_wconf 87' lang='lat' dir='ltr'>agrestibus</span> <span class='ocrx_word' id='word_1_179' title='bbox 919 3010 1008 3066; x_wconf 87' lang='lat' dir='ltr'>arma,</span> 
     </span>
     <span class='ocr_line' id='line_1_29' title="bbox 208 3073 984 3159; baseline 0.008 -22"><span class='ocrx_word' id='word_1_180' title='bbox 208 3077 283 3153; x_wconf 90' lang='lat' dir='ltr'>Quis</span> <span class='ocrx_word' id='word_1_181' title='bbox 298 3076 360 3137; x_wconf 91' lang='lat' dir='ltr'>sine</span> <span class='ocrx_word' id='word_1_182' title='bbox 369 3073 431 3138; x_wconf 85' lang='lat' dir='ltr'>¹nec</span> <span class='ocrx_word' id='word_1_183' title='bbox 444 3088 567 3155; x_wconf 91' lang='lat' dir='ltr'>potuere</span> <span class='ocrx_word' id='word_1_184' title='bbox 581 3081 638 3141; x_wconf 91' lang='lat' dir='ltr'>seri</span> <span class='ocrx_word' id='word_1_185' title='bbox 652 3102 708 3141; x_wconf 93' lang='lat' dir='ltr'>nec</span> <span class='ocrx_word' id='word_1_186' title='bbox 722 3102 838 3159; x_wconf 87' lang='lat' dir='ltr'>surgere</span> <span class='ocrx_word' id='word_1_187' title='bbox 853 3102 984 3145; x_wconf 89' lang='lat' dir='ltr'>messes:</span> 
     </span>
     <span class='ocr_line' id='line_1_30' title="bbox 207 3170 923 3252; baseline 0.011 -23"><span class='ocrx_word' id='word_1_188' title='bbox 207 3170 313 3229; x_wconf 90' lang='lat' dir='ltr'>Vomis</span> <span class='ocrx_word' id='word_1_189' title='bbox 328 3181 358 3231; x_wconf 90' lang='lat' dir='ltr'>et</span> <span class='ocrx_word' id='word_1_190' title='bbox 371 3170 470 3231; x_wconf 85' lang='lat' dir='ltr'>inflexi</span> <span class='ocrx_word' id='word_1_191' title='bbox 484 3173 610 3249; x_wconf 88' lang='lat' dir='ltr'>primurn</span> <span class='ocrx_word' id='word_1_192' title='bbox 623 3194 710 3252; x_wconf 89' lang='lat' dir='ltr'>grave</span> <span class='ocrx_word' id='word_1_193' title='bbox 725 3176 815 3235; x_wconf 90' lang='lat' dir='ltr'>robur</span> <span class='ocrx_word' id='word_1_194' title='bbox 829 3176 923 3251; x_wconf 88' lang='lat' dir='ltr'>aratri,</span> 
     </span>
     <span class='ocr_line' id='line_1_31' title="bbox 208 3264 971 3345; baseline 0.01 -23"><span class='ocrx_word' id='word_1_195' title='bbox 208 3264 365 3339; x_wconf 91' lang='lat' dir='ltr'>Tardaque</span> <span class='ocrx_word' id='word_1_196' title='bbox 380 3264 538 3326; x_wconf 88' lang='lat' dir='ltr'>Eleusinae</span> <span class='ocrx_word' id='word_1_197' title='bbox 552 3267 654 3327; x_wconf 88' lang='lat' dir='ltr'>matris</span> <span class='ocrx_word' id='word_1_198' title='bbox 668 3267 818 3328; x_wconf 88' lang='lat' dir='ltr'>volventia</span> <span class='ocrx_word' id='word_1_199' title='bbox 832 3270 971 3345; x_wconf 82' lang='lat' dir='ltr'>plaustra,</span> 
     </span>
     <span class='ocr_line' id='line_1_32' title="bbox 207 3355 1025 3439; baseline 0.012 -25"><span class='ocrx_word' id='word_1_200' title='bbox 207 3355 396 3433; x_wconf 92' lang='lat' dir='ltr'>Tribulaque,</span> <span class='ocrx_word' id='word_1_201' title='bbox 412 3358 598 3436; x_wconf 90' lang='lat' dir='ltr'>traheaeque,</span> <span class='ocrx_word' id='word_1_202' title='bbox 614 3370 643 3420; x_wconf 93' lang='lat' dir='ltr'>et</span> <span class='ocrx_word' id='word_1_203' title='bbox 657 3359 760 3437; x_wconf 87' lang='lat' dir='ltr'>iniquo</span> <span class='ocrx_word' id='word_1_204' title='bbox 774 3362 906 3438; x_wconf 91' lang='lat' dir='ltr'>pondere</span> <span class='ocrx_word' id='word_1_205' title='bbox 921 3362 1025 3439; x_wconf 86' lang='lat' dir='ltr'>rastri;</span> 
     </span>
     <span class='ocr_line' id='line_1_33' title="bbox 207 3448 872 3530; baseline 0.012 -25"><span class='ocrx_word' id='word_1_206' title='bbox 207 3448 315 3525; x_wconf 86' lang='lat' dir='ltr'>Virgea</span> <span class='ocrx_word' id='word_1_207' title='bbox 328 3461 479 3525; x_wconf 89' lang='lat' dir='ltr'>praeterea</span> <span class='ocrx_word' id='word_1_208' title='bbox 493 3451 578 3512; x_wconf 89' lang='lat' dir='ltr'>Celei</span> <span class='ocrx_word' id='word_1_209' title='bbox 592 3452 717 3528; x_wconf 91' lang='lat' dir='ltr'>vilisque</span> <span class='ocrx_word' id='word_1_210' title='bbox 731 3455 872 3530; x_wconf 89' lang='lat' dir='ltr'>supellex,</span> 
     </span>
     <span class='ocr_line' id='line_1_34' title="bbox 207 3542 904 3623; baseline 0.01 -23"><span class='ocrx_word' id='word_1_211' title='bbox 207 3542 357 3602; x_wconf 91' lang='lat' dir='ltr'>Arbuteae</span> <span class='ocrx_word' id='word_1_212' title='bbox 372 3555 467 3604; x_wconf 91' lang='lat' dir='ltr'>crates</span> <span class='ocrx_word' id='word_1_213' title='bbox 482 3554 512 3604; x_wconf 91' lang='lat' dir='ltr'>et</span> <span class='ocrx_word' id='word_1_214' title='bbox 525 3544 650 3623; x_wconf 89' lang='lat' dir='ltr'>mystica</span> <span class='ocrx_word' id='word_1_215' title='bbox 663 3564 779 3607; x_wconf 90' lang='lat' dir='ltr'>vannus</span> <span class='ocrx_word' id='word_1_216' title='bbox 794 3548 904 3609; x_wconf 90' lang='lat' dir='ltr'>Iacchi.</span> 
     </span>
     <span class='ocr_line' id='line_1_35' title="bbox 208 3634 1006 3720; baseline 0.01 -26"><span class='ocrx_word' id='word_1_217' title='bbox 208 3634 319 3694; x_wconf 88' lang='lat' dir='ltr'>Omnia</span> <span class='ocrx_word' id='word_1_218' title='bbox 333 3655 408 3712; x_wconf 87' lang='lat' dir='ltr'>quae</span> <span class='ocrx_word' id='word_1_219' title='bbox 423 3638 516 3697; x_wconf 91' lang='lat' dir='ltr'>multo</span> <span class='ocrx_word' id='word_1_220' title='bbox 531 3647 599 3696; x_wconf 89' lang='lat' dir='ltr'>ante</span> <span class='ocrx_word' id='word_1_221' title='bbox 613 3657 727 3698; x_wconf 89' lang='lat' dir='ltr'>memor</span> <span class='ocrx_word' id='word_1_222' title='bbox 740 3640 859 3715; x_wconf 88' lang='lat' dir='ltr'>provisa</span> <span class='ocrx_word' id='word_1_223' title='bbox 871 3660 1006 3720; x_wconf 69' lang='lat' dir='ltr'>repones</span> 
     </span>
     <span class='ocr_line' id='line_1_36' title="bbox 209 3727 806 3807; baseline 0.012 -22"><span class='ocrx_word' id='word_1_224' title='bbox 209 3727 240 3786; x_wconf 90' lang='lat' dir='ltr'>Si</span> <span class='ocrx_word' id='word_1_225' title='bbox 255 3737 284 3787; x_wconf 93' lang='lat' dir='ltr'>te</span> <span class='ocrx_word' id='word_1_226' title='bbox 299 3727 388 3805; x_wconf 88' lang='lat' dir='ltr'>digna</span> <span class='ocrx_word' id='word_1_227' title='bbox 401 3740 502 3790; x_wconf 88' lang='lat' dir='ltr'>manet</span> <span class='ocrx_word' id='word_1_228' title='bbox 516 3728 607 3789; x_wconf 91' lang='lat' dir='ltr'>divini</span> <span class='ocrx_word' id='word_1_229' title='bbox 620 3730 714 3807; x_wconf 90' lang='lat' dir='ltr'>gloria</span> <span class='ocrx_word' id='word_1_230' title='bbox 726 3732 806 3793; x_wconf 84' lang='lat' dir='ltr'>ruris.</span> 
     </span>
     <span class='ocr_line' id='line_1_37' title="bbox 209 3820 905 3901; baseline 0.013 -22"><span class='ocrx_word' id='word_1_231' title='bbox 209 3820 360 3882; x_wconf 92' lang='lat' dir='ltr'>Continuo</span> <span class='ocrx_word' id='word_1_232' title='bbox 374 3822 405 3882; x_wconf 92' lang='lat' dir='ltr'>in</span> <span class='ocrx_word' id='word_1_233' title='bbox 420 3820 499 3884; x_wconf 85' lang='lat' dir='ltr'>silvis</span> <span class='ocrx_word' id='word_1_234' title='bbox 513 3842 621 3901; x_wconf 85' lang='lat' dir='ltr'>magna</span> <span class='ocrx_word' id='word_1_235' title='bbox 633 3822 663 3884; x_wconf 88' lang='lat' dir='ltr'>vi</span> <span class='ocrx_word' id='word_1_236' title='bbox 676 3822 754 3885; x_wconf 83' lang='lat' dir='ltr'>flexa</span> <span class='ocrx_word' id='word_1_237' title='bbox 769 3826 905 3887; x_wconf 87' lang='lat' dir='ltr'>domatur</span> 
     </span>
    </p>
   </div>
   <div class='ocr_carea' id='block_1_3' title="bbox 0 0 1521 4700">
    <p class='ocr_par' dir='ltr' id='par_1_3' title="bbox 0 0 1521 4700">
     <span class='ocr_line' id='line_1_38' title="bbox 0 0 1521 4700; baseline 0 0"><span class='ocrx_word' id='word_1_238' title='bbox 0 0 1521 4700; x_wconf 95' lang='lat' dir='ltr'> </span> 
     </span>
    </p>
   </div>
  </div>
 </body>
</html>
