3017 4700
328 784 747 926 P.V1RG1L11
787 807 1141 963 Mauortis

494 1103 772 1172 BUCOLICON
796 1105 947 1170 LIBER.

678 1310 779 1345 -ο-

468 1453 472 1464 ’
593 1465 867 1527 Ecuocur.

599 1694 603 1704 ,
634 1633 821 1714 risimus.

542 1785 729 1829 MELIBOEUS.
772 1783 913 1828 rimus.

379 1948 381 1956 .
502 1935 505 1947 .
643 1921 767 1958 macrior
788 1921 808 1958 s

240 1943 417 2144 Tumssftu
431 1989 549 2076 pandiae
563 1931 708 2063 recdbaus
722 1921 921 2144 sqiiqitegmine
936 1986 994 2065 fagi

162 2151 168 2168 .
242 2080 335 2140 Silves
380 2101 409 2140 m
423 2082 505 2141 tenui
520 2083 639 2150 Musam
653 2081 745 2140 medit
789 2099 936 2159 savena,

242 2175 307 2233 Nos
320 2173 430 2250 patriae
445 2175 518 2234 fine's
533 2184 563 2234 et
577 2156 675 2234 dulcia
689 2172 848 2249 linquimus
862 2168 949 2232 arva¹:

242 2267 306 2324 Nos
320 2267 442 2342 patriam
456 2266 600 2344 sugimus3
621 2277 660 2340 tu,
677 2265 787 2343 Tityre,
802 2267 900 2326 lentus
915 2265 946 2325 in
961 2257 1065 2328 umbra

242 2360 412 2420 Formosam
425 2379 562 2420 resonare
576 2360 668 2421 doces
683 2359 865 2437 Amaryllida
879 2359 975 2421 silvas.
1203 2394 1215 2432 5

536 2450 538 2457 ¹
661 2480 786 2517 ruimus
908 2451 911 2458 ¹

240 2547 268 2608 O
285 2546 444 2620 Meliboee,
460 2547 533 2606 deus
548 2545 635 2607 nobis
649 2547 723 2606 haec
738 2545 799 2605 otia
811 2544 889 2605 fecit

240 2641 378 2714 Namque
392 2639 445 2699 erit
458 2641 507 2698 ille
521 2639 593 2699 mihi
608 2658 723 2715 semper
737 2639 830 2713 deus3
850 2637 926 2698 illius
941 2658 1022 2699 aram

239 2734 334 2810 Saepe
349 2743 431 2793 tener
444 2733 550 2793 nostris
565 2733 603 2792 ab
618 2732 743 2797 ovilibus
757 2731 870 2819 imbuet
884 2751 985 2809 agnus.

239 2828 295 2885 Ille
310 2846 390 2885 meas
404 2845 499 2886 errare
513 2828 614 2899 boves
629 2837 661 2886 ut
676 2823 781 2897 cernis,
797 2835 827 2884 et
840 2824 938 2901 ipsum

240 2919 364 2992 Ludere,
381 2938 456 2997 quae
469 2920 584 2992 vellem,
600 2920 713 2979 calamo
728 2918 860 2995 permisit
875 2918 989 2995 agresti.

641 3038 806 3076 MELIBOEUS.
1018 3068 1022 3077 .

209 3096 215 3107 ’
240 3107 311 3164 Non
326 3104 463 3182 equidem
476 3105 614 3178 invideo;
635 3104 724 3165 miror
737 3104 849 3182 magis:
869 3104 1002 3182 undique
1016 3106 1086 3166 totis

232 3199 344 3274 Usque
359 3199 435 3258 adeo
449 3200 580 3259 turbatur
594 3196 677 3275 agris.
721 3200 777 3271 En,
793 3198 857 3275 ipse
871 3199 1001 3275 capellas

239 3292 376 3351 Protinus
390 3311 475 3368 aeger
489 3311 565 3369 ag03
585 3293 663 3352 hanc
678 3291 768 3351 etiam
781 3292 838 3365 vix,
854 3291 963 3368 Tityre,
980 3292 1066 3351 duco.

239 3383 301 3442 Hic
316 3384 391 3443 inter
404 3384 510 3445 densas
524 3385 640 3461 corylos
654 3384 746 3444 modo
760 3403 888 3461 namque
902 3384 1053 3460 gemellos,

238 3476 328 3551 Spem
341 3476 443 3552 gregis,
458 3477 513 3537 ah!
535 3476 616 3539 silice
630 3476 662 3535 in
676 3477 757 3536 nuda
771 3476 899 3537 connixa
911 3477 1036 3555 reliquit.
1188 3504 1211 3540 ιε

237 3569 332 3644 Saepe
346 3571 454 3629 malum
469 3570 526 3630 hoc
541 3568 636 3641 nobis,
653 3568 676 3627 si
691 3587 776 3628 mens
790 3588 852 3628 non
866 3570 951 3629 laeva
965 3569 1085 3641 fuisset,

238 3663 286 3721 De
300 3663 385 3721 coelo
399 3672 492 3721 tactas
506 3660 627 3735 memini
640 3660 810 3737 praedicere
825 3680 957 3738 quercus

238 3751 345 3832 [Saepe
359 3754 475 3815 sinistra
489 3774 562 3815 cava
575 3752 719 3829 praedixit
733 3755 772 3813 ab
786 3753 853 3813 ilice
867 3752 993 3833 compr]

238 3849 297 3907 Sed
312 3858 419 3920 tamen,
435 3847 489 3907 iste
504 3848 577 3909 deus
591 3846 642 3923 qui
656 3844 701 3920 sit,
717 3845 764 3920 da,
780 3845 889 3923 Tityre,
905 3846 1000 3906 nobis.

435 3950 446 3990 s
