3017 4700
288 413 344 454 212
603 410 629 453 P.
651 409 785 454 vntffltu
807 409 949 454 MARONIS
1004 430 1008 438 ·

288 553 437 632 Epytiden
451 563 546 628 vocat,
561 564 591 616 et
604 555 694 615 fidam
710 555 754 616 sic
768 555 844 616 fatur
857 557 896 616 ad
910 573 1030 616 aurem:

285 648 372 707 Vade
386 667 450 727 age,
466 658 496 708 et
510 647 651 722 Ascanio,
667 649 693 708 si
703 649 766 728 jam
779 649 891 726 puerile
904 660 1040 726 paratum

286 743 404 820 Agmen
418 741 509 802 habet
523 761 633 816 secum,
649 760 811 818 cursusque
825 742 961 802 instruxit
975 759 1130 834 equorum,
1228 769 1230 776 v

288 836 388 895 Ducat
401 853 459 894 avo
473 844 591 909 turmas,
607 845 638 894 et
653 854 717 894 sese
732 836 873 896 ostendat
886 835 917 894 in
931 836 1030 910 anniS,

287 929 354 1001 Dic,
371 928 419 988 ait.
462 930 533 1005 Ipse
547 947 667 988 omnem
681 929 773 1007 longo
787 929 933 989 decedere
947 928 1026 989 circo

288 1022 421 1082 Infusum
435 1022 586 1098 populum,
602 1032 633 1082 et
646 1039 770 1099 campos
781 1022 867 1098 jubet
881 1041 947 1082 esse
961 1032 1107 1099 patentes.

288 1115 438 1174 Incedunt
450 1113 543 1190 pueri,
557 1114 725 1191 pariterque
738 1124 809 1174 aute
823 1134 876 1175 ora
889 1125 1044 1192 parentum

287 1208 423 1267 Frenatis
437 1208 582 1270 lucentin
596 1207 689 1284 equis,
706 1227 782 1284 quos
796 1207 894 1274 omnis
908 1218 1012 1268 euntes

286 1300 458 1360 Trinacriae
472 1301 576 1360 mirata
589 1300 685 1360 fremit
699 1302 867 1380 Trojaeque
879 1302 1026 1377 juventus.

250 1435 253 1440 ι
287 1393 434 1452 Omnibus
448 1394 479 1452 in
493 1412 606 1452 morem
621 1403 708 1453 tonsa
722 1412 808 1452 coma
821 1412 923 1470 pressa
937 1411 1049 1452 corona
1062 1413 1072 1468 3

288 1488 406 1546 Cornea
420 1486 491 1545 bina
504 1486 601 1545 serunt
614 1487 745 1562 praefixa
758 1486 876 1546 hastilia
889 1486 987 1560 ferro3
1035 1519 1041 1540 0

288 1580 361 1638 Pars
375 1579 456 1637 leves
469 1580 594 1639 humero
600 1580 761 1656 ,pharetras
773 1601 781 1654 3
801 1579 824 1638 it
837 1589 957 1656 pectore
971 1597 1088 1639 summo

288 1669 409 1730 Flexilis
423 1671 533 1732 obtorti
547 1690 601 1749 per
615 1672 725 1732 collum
739 1672 866 1732 circulus
881 1672 951 1732 auri.

288 1766 364 1825 Tres
378 1764 511 1840 equitum
526 1783 650 1825 numero
664 1774 786 1838 turmae,
802 1753 937 1841 ternique
951 1758 1095 1843 vagantur

289 1860 458 1932 Ductores;
478 1857 561 1934 pueri
575 1858 623 1918 bis
637 1858 702 1918 seni
716 1877 865 1935 quemque
880 1858 974 1918 secuti

262 1985 265 1990 -
288 1949 417 2029 Agmine
431 1949 540 2027 partito
553 1950 668 2030 fulgent
681 1950 861 2028 paribusque
876 1951 1030 2028 magistris,

289 2046 362 2103 Una
375 2043 454 2102 acies
466 2044 618 2122 juvenum,
634 2044 716 2104 ducit
731 2063 820 2120 quam
835 2063 943 2121 parvus
957 2053 1098 2104 ovantem

290 2139 410 2196 Nomen
424 2136 472 2195 avi
486 2137 615 2196 reserens
630 2137 774 2211 Priamus,
790 2147 840 2197 tua
854 2138 941 2210 clara,
958 2137 1062 2210 Polite,

291 2230 460 2308 Progenies,
478 2239 599 2290 auctura
613 2231 727 2304 Italos3
747 2249 837 2306 quem
852 2229 995 2290 Thracius
1009 2229 1086 2290 albis

290 2325 392 2384 Portat
406 2341 501 2399 equus
515 2323 631 2384 bicolor
644 2323 778 2398 maculis,
793 2322 918 2402 vestigia
931 2322 1018 2400 primi

290 2418 371 2476 Alba
384 2417 470 2494 pedis
484 2417 673 2493 frontemque
686 2426 842 2477 ostentans
856 2418 964 2477 arduus
979 2417 1086 2477 albam.

290 2511 378 2570 Alter
392 2513 475 2589 Atys
490 2529 585 2588 genus
598 2510 680 2569 unde
694 2509 757 2569 Atii
772 2510 882 2569 duxere
897 2509 1004 2583 Latini,

290 2606 403 2664 Parvus
419 2606 502 2682 Atys,
517 2622 669 2681 pueroque
683 2622 757 2680 puer
771 2603 897 2663 dilectus
912 2604 987 2663 Iulo.

291 2698 457 2769 Extremus
473 2697 625 2773 formaque
639 2706 709 2755 ante
722 2714 827 2756 omnes
841 2696 972 2773 pulcher,
989 2697 1074 2757 Iulus

292 2789 417 2849 Sidonio
431 2799 476 2850 est
490 2790 624 2849 invectus
638 2807 725 2865 equo,
740 2808 830 2865 quem
844 2788 972 2873 cqndida
987 2790 1069 2849 Dido
1164 2802 1203 2829 “f

292 2885 368 2942 Esse
383 2882 428 2942 sui
443 2883 568 2941 dederat
581 2892 806 2941 monumentum
821 2894 851 2943 et
864 2881 973 2961 pignus
987 2881 1104 2943 amoris.

292 2976 399 3033 Cetera
413 2972 573 3033 Trinacriis
586 2973 683 3050 pubes
696 2961 822 3035 senioris
836 2976 965 3035 Acestae

292 3068 397 3125 Fertur
410 3065 502 3142 equis.

195 3177 198 3184 ⁴
292 3158 452 3235 Excipiunt
464 3159 571 3235 plausu
584 3160 718 3235 pavidos,
733 3159 924 3239 gaudentque
938 3169 1056 3220 tuentes
1229 3184 1266 3223 575

293 3251 491 3325 Dardanidae,
506 3263 697 3329 veterumque
711 3264 878 3331 agnoscunt
891 3273 944 3312 ora
957 3264 1119 3330 parentum.

292 3345 455 3419 Postquam
469 3364 587 3404 omnem
602 3345 671 3406 laeti
685 3365 859 3407 consessum
873 3347 1037 3421 oculosque
1051 3366 1172 3405 suorum

293 3439 468 3496 Lustravere
483 3434 514 3495 in
528 3436 621 3513 equis,
637 3437 753 3517 signum
767 3440 896 3499 clamore
910 3438 1020 3515 paratis

294 3530 436 3607 Epytides
451 3530 539 3606 longe
553 3531 636 3590 dedit
649 3530 839 3609 insonuitque
853 3532 979 3610 flagello

294 3622 357 3684 Olli
371 3622 532 3682 discurrere
546 3642 643 3699 pares,
658 3634 747 3701 atque
761 3626 880 3703 agmina
892 3624 969 3683 temi

216 3735 221 3743 ·
294 3711 434 3774 Diductis
448 3717 561 3776 solvere
575 3716 681 3790 choris,
695 3736 853 3795 rursusque
866 3716 964 3776 vocati

296 3810 478 3869 Convertere
491 3808 555 3869 vias
567 3808 735 3887 infestaque
749 3811 810 3870 tela
823 3810 925 3872 tulere.
