3017 4700
515 422 721 466 METAMORPH·
745 423 804 466 LlB.
827 422 870 466 XI·
1143 424 1179 484 55
1246 490 1251 501 ι

210 572 261 631 Nil
275 569 330 630 nisi
344 569 485 630 cedentes
499 567 601 628 infelix
615 568 716 646 arripit
729 588 823 630 auras.

208 667 334 742 Jamque
349 662 454 722 iterum
469 661 598 722 moriens
613 681 674 722 non
689 674 734 722 est
748 663 787 723 de
800 661 1103 740 conjuge‘quicquam
1157 680 1183 720 ⁶0

210 759 324 833 Questa
338 775 411 816 suo:
426 755 499 832 quid
513 754 593 814 enim
607 755 663 815 nisi
678 775 709 816 se
725 766 896 832 quereretur
909 759 1058 817 amatam?

209 853 443 927 Supremumque
457 849 531 922 vale,
547 849 629 924 quod
640 851 703 925 jam
717 848 767 908 vix
780 849 899 910 auribus
912 849 963 909 ille

210 943 374 1020 Acciperet,
390 941 472 1016 dixit,
488 943 678 1018 revolutaque
693 961 790 1002 rursus
804 942 911 1002 eodem
926 952 979 1002 est„

210 1040 280 1096 Non
295 1035 378 1095 aliter
392 1033 503 1112 stupuit
516 1034 635 1111 gemina
649 1053 723 1095 nece
737 1036 873 1112 conjugis
887 1036 1034 1113 Orpheus,

210 1131 307 1205 Quam
321 1127 376 1188 tria
390 1127 441 1204 qui
456 1127 585 1201 timidus,
601 1127 700 1187 medio
716 1137 853 1205 portante
866 1139 996 1203 catenas,
1158 1148 1183 1196 ⁶5

210 1223 296 1286 Colla
310 1221 393 1281 canis
406 1220 498 1280 vidit:
516 1240 604 1297 quem
620 1240 682 1280 non
697 1240 790 1298 pavor
802 1232 872 1280 ante
885 1220 1012 1299 reliquit,

209 1318 307 1392 Quam
322 1325 425 1374 natura
438 1313 525 1391 prior,
541 1333 614 1374 saxo
628 1334 681 1391 per
695 1333 803 1392 corpus
816 1316 944 1391 oborto,

210 1409 328 1486 Quique
342 1408 373 1468 in
388 1427 420 1468 se
434 1407 544 1468 crimen
559 1406 646 1468 traxit
660 1408 812 1484 voluitque
827 1407 921 1468 videri

210 1503 321 1562 Olenos
336 1520 400 1562 esse
415 1519 537 1574 nocens,
552 1511 651 1578 tuque,
668 1521 687 1560 ο
702 1503 817 1561 confisa
830 1502 940 1579 figurae

210 1595 317 1655 Infelix
332 1595 464 1654 Lethaea
477 1605 553 1668 tuae,
567 1594 753 1673 junctissima
767 1594 920 1671 quondam
1159 1625 1184 1662 7⁰

210 1691 342 1762 Pectora,
359 1706 439 1746 nunc
453 1686 575 1764 lapides,
589 1706 665 1763 quos
679 1687 802 1754 humida
816 1687 943 1747 sustinet
957 1687 1022 1747 Ide.

209 1783 352 1842 Orantem
366 1781 528 1856 frustraque
543 1779 649 1840 iterum
663 1780 786 1840 transire
799 1781 951 1840 volentem

210 1873 338 1934 Portitor
353 1883 503 1947 arcuerat;
524 1884 639 1950 septem
653 1885 753 1933 tamen
768 1872 818 1933 ille
832 1874 939 1934 diebus

209 1966 365 2044 Squalidus
380 1967 411 2024 in
425 1965 489 2042 ripa
503 1966 618 2026 Cereris
633 1966 697 2025 sine
712 1986 832 2027 munere
847 1966 943 2026 sedit:

211 2062 289 2120 Cura
303 2060 447 2135 dolorque
463 2058 553 2118 animi
568 2058 765 2135 lacrimaeque
782 2060 923 2120 alimenta
936 2060 1024 2119 fuere
1159 2089 1183 2126 75

210 2154 284 2213 Esse
299 2153 371 2214 deos
387 2151 476 2212 Erebi
490 2152 624 2212 crudeles
638 2163 769 2228 questus,
785 2151 816 2210 in
830 2153 921 2212 altam

212 2248 250 2308 Se
264 2245 368 2369 recipit
383 2245 554 2368 Rhodppen
569 2246 747 2369 poliumque
762 2245 962 2370 ffiqunmibu}
978 2246 1128 2306 Haemon.

574 2704 723 2763 LIBER
751 2706 817 2765 XI.

211 2903 364 2963 CARtssNE
378 2900 449 2961 dum
464 2900 515 2963 tali
529 2902 617 2962 silvas
632 2902 809 2981 animosque
823 2904 948 2965 seranum

210 2994 364 3056 Threicius
378 3005 460 3055 vates
475 3005 505 3055 et
519 3014 590 3055 saxa
604 2996 759 3074 sequentia
773 2996 863 3071 ducit,

211 3090 290 3149 Ecce
305 3108 395 3148 nurus
411 3088 566 3162 Ciconum,
583 3099 679 3149 tectae
694 3091 847 3167 lymphata
860 3088 962 3150 ferinis

211 3184 336 3242 Pectora
349 3181 513 3255 velleribus,
530 3182 635 3241 tumuli
650 3184 688 3243 de
703 3182 812 3243 vertice
827 3192 953 3242 cernunt

211 3276 333 3352 Orphea
346 3274 491 3351 percussis
506 3274 669 3335 sociantem
684 3275 816 3336 carmina
828 3274 935 3335 nervis.

211 3369 238 3426 E
252 3368 358 3444 quibus
372 3386 440 3441 una,
455 3368 552 3428 levem
564 3370 676 3444 jactato
691 3368 773 3429 crine
786 3387 840 3445 per
853 3387 964 3440 auram,

211 3462 267 3533 En,
282 3460 331 3534 ait,
347 3480 385 3520 en
398 3460 447 3521 hic
462 3471 508 3521 est
521 3460 613 3521 nostri
627 3465 811 3522 contemtor!
833 3472 864 3521 et
877 3462 995 3521 hastam

210 3553 294 3612 Vatis
310 3553 462 3631 Apollinei
475 3553 590 3613 vocalia
604 3554 683 3615 misit
697 3554 727 3614 in
742 3574 802 3627 ora,

211 3647 296 3721 Quae
311 3646 388 3705 foliis
401 3628 539 3723 praesuta
552 3657 656 3706 notam
670 3646 733 3707 sine
747 3648 868 3707 vulnere
882 3644 959 3706 iecit

210 3739 340 3799 Alterius
354 3740 445 3801 telum
459 3739 534 3816 lapis
549 3750 601 3813 est,
617 3739 668 3815 qui
681 3738 790 3799 missus
803 3738 835 3797 in
849 3738 916 3815 ipso

213 3836 290 3895 Aere
305 3843 453 3894 concentu
467 3832 562 3893 victus
575 3830 717 3909 vocisque
731 3833 870 3909 lyraeque
884 3841 939 3905 est,
