3017 4700
310 391 347 465 78
624 405 650 448 Ρ.
672 404 803 447 vrncrnrr
824 403 965 447 nanonrs

309 551 371 610 Hic
385 549 493 611 virides
507 559 610 611 tenera
622 549 766 628 praetexit
780 547 922 609 amndine
936 547 1014 626 ripas

308 643 448 716 Mincius,
464 662 541 720 eque
554 661 638 704 sacra
651 651 791 704 resonant
805 641 940 700 examina
954 659 1070 718 quercu.

309 732 1279 814 Quidsacerem?nequeegoAlcippen,nequePhyllidahabebam,
1377 775 1381 780 -

309 828 458 905 Depulsos
472 849 490 888 a
503 830 580 888 lacte
594 828 675 888 domi
689 847 765 904 quae
780 827 931 887 clauderet
945 846 1037 904 agnos
1049 849 1057 901 3
1258 852 1281 889 ιε

310 923 349 981 Et
362 931 510 981 certamen
523 930 594 995 erat,
610 920 751 998 Corydon
766 939 833 980 cum
846 919 1000 999 Thyrside,
1016 939 1163 1000 magnum.

309 1014 471 1074 Posthabui
485 1024 585 1074 tamen
599 1013 714 1074 illorum
728 1030 795 1072 mea
808 1010 885 1072 seria
898 1011 978 1073 ludo.

309 1105 441 1166 Alternis
455 1106 542 1185 igitur
555 1105 735 1166 contendere
749 1104 884 1164 versibus
899 1106 988 1166 ambo

310 1203 464 1278 Coepere3
483 1200 612 1259 alternos
626 1201 733 1258 Musae
747 1197 918 1258 meminisse
932 1199 1079 1260 volebant.

310 1297 379 1354 Hos
394 1293 543 1371 Corydon,
558 1293 625 1352 illos
639 1291 785 1352 referebat
800 1291 830 1350 in
845 1291 949 1352 ordine
963 1292 1094 1371 Thyrsis.

712 1412 863 1451 cosroen.

306 1481 475 1559 Nymphae,
491 1489 593 1540 noster
606 1496 697 1552 amor,
714 1478 912 1552 Libethrides,
929 1488 978 1538 aut
992 1477 1064 1537 mihi
1077 1493 1206 1549 carmen,

310 1575 406 1648 Quale
420 1592 488 1632 meo
503 1572 613 1645 CodrO,
629 1573 785 1632 concedite
798 1595 807 1647 ;
826 1573 961 1650 proxima
974 1571 1089 1631 Phoebi

308 1665 453 1726 Versibus
468 1665 518 1724 ille
532 1665 621 1740 facit3
641 1674 700 1738 aut,
716 1664 741 1724 si
755 1684 816 1724 non
830 1683 988 1742 possumus
1002 1681 1115 1737 omnes,

309 1758 372 1817 Hic
386 1767 489 1836 arguta
502 1776 587 1819 sacra
599 1757 743 1835 pendebit
757 1757 857 1817 fistula
869 1757 949 1834 pinu

226 1868 228 1876 '
290 1883 295 1892 ·
734 1879 856 1918 rnrnsrs.

308 1946 457 2019 Pastores,
471 1945 584 2005 hedera
596 1954 768 2006 nascentem
783 1954 887 2004 ornate
901 1954 1029 2022 poetam,

309 2038 452 2110 Arcades,
467 2037 580 2098 invidia
593 2047 765 2114 rumpantur
778 2047 812 2097 ut
826 2037 876 2097 ilia
890 2037 1010 2110 Codr0;

309 2133 379 2205 Aut,
394 2130 421 2189 si
434 2131 511 2190 ultra
524 2130 664 2209 placitum
678 2130 813 2205 laudarit,
828 2130 974 2190 bacchare
988 2129 1115 2189 frontem

308 2223 436 2301 Cingite,
452 2242 490 2284 ne
504 2225 564 2284 vati
579 2233 685 2284 noceat
698 2223 777 2282 mala
790 2222 891 2302 lingua
905 2222 1009 2282 futuro.

710 2314 856 2383 ¹coturnos.

309 2412 427 2473 Saetosi
440 2422 529 2489 caput
542 2413 599 2471 hoc
612 2411 677 2488 apri
690 2411 752 2485 tibi,
770 2411 866 2485 Delia,
881 2430 989 2490 parvus

308 2508 348 2565 Et
361 2524 479 2565 ramosa
493 2504 597 2564 Micon
610 2503 721 2563 vivacis
731 2523 844 2563 cornua
857 2506 944 2565 cervi.
1035 2526 1036 2533 ¹

311 2598 344 2657 Si
358 2597 510 2675 proprium
525 2597 583 2655 hoc
597 2596 692 2670 luerit,
708 2596 766 2655 levi
781 2597 818 2657 de
833 2616 978 2657 marmore
992 2606 1054 2657 tota

309 2690 441 2750 Puniceo
455 2688 547 2748 stabis
561 2708 644 2748 suras
658 2688 777 2748 evincta
790 2688 943 2750 cothurno.

733 2803 792 2839 THY
851 2828 857 2841 .

310 2868 414 2929 Sinum
428 2868 513 2928 lactis
527 2877 557 2927 et
570 2868 644 2927 haec
657 2877 688 2927 te
702 2868 770 2943 liba,
787 2804 900 2946 {ilipa
917 2876 990 2946 quot
1003 2866 1088 2927 annis

309 2964 490 3039 Exspectare
504 2971 550 3021 sat
563 2970 626 3019 est:
645 2970 747 3021 custos
762 2980 794 3021 es
807 2960 944 3040 pauperis
958 2961 1044 3020 horti.

309 3058 399 3115 Nunc
413 3065 443 3115 te
457 3073 651 3133 marmoreum
664 3074 719 3131 pro
733 3064 867 3131 tempore
881 3055 1025 3129 fecimus3
1045 3062 1076 3113 at
1089 3062 1129 3126 tu,

309 3148 342 3209 Si
356 3148 449 3208 fetura
462 3166 582 3227 gregem
596 3146 783 3224 suppleverit,
800 3166 906 3207 aureus
921 3156 992 3208 esto.

728 3263 866 3301 CORYDON.

310 3327 422 3387 Nerine
437 3327 569 3401 Galatea,
584 3329 685 3407 thymo
699 3328 772 3387 mihi
786 3329 901 3389 dulcior
915 3328 1043 3405 Hyblae,

309 3420 474 3481 Candidior
487 3421 596 3497 cycnis,
611 3421 721 3481 hedera
734 3422 893 3483 formosior
906 3421 981 3494 alba,

310 3513 412 3588 Quum
425 3512 552 3589 primum
566 3514 644 3591 pasti
658 3524 795 3591 repetent
807 3512 964 3592 praesepia
978 3512 1061 3586 tauri,

310 3605 341 3666 Si
355 3624 414 3682 qua
427 3605 469 3665 tui
483 3605 649 3685 Corydonis
662 3607 754 3667 habet
768 3617 797 3667 te
811 3626 888 3681 cura,
905 3606 1014 3667 venito.

733 3729 857 3767 THYRSIS.

312 3794 409 3852 Immo
423 3810 479 3870 ego
494 3792 645 3855 Sardoniis
659 3793 761 3855 videar
775 3795 828 3856 tibi
842 3793 966 3855 amarior
979 3772 1088 3864 herbis,
