3017 4700
542 400 701 444 smarnos
722 401 782 446 ΜΒ.
804 401 845 446 vt.

210 547 286 606 Turn
300 547 421 607 demum
435 543 591 606 horrisono
605 545 765 611 stridentes
779 545 901 606 cardine
913 563 1016 608 sacrae

208 639 384 698 Panduntur
396 647 507 715 portae.
553 639 667 712 Cernis,
682 638 818 698 custodia
831 639 926 715 qualis

106 793 109 797 ἵ
206 731 365 792 Vestibulo
379 731 503 791 sedeat?
522 730 612 804 iacies
626 749 702 808 quae
717 728 820 792 limina
833 734 951 792 servet?

208 824 434 903 Quinquaginta
447 824 518 884 atris
533 823 669 883 immanis
683 823 813 883 hiatibus
828 824 935 902 Hydra

209 917 331 977 Saevior
344 917 424 977 intus
439 917 530 976 habet
543 916 597 976 sed
617 936 655 975 m.
698 918 777 975 Tum
791 918 932 977 Tartarus
946 916 1011 994 ipse

208 1010 259 1070 ns
272 1020 356 1088 patet
370 935 687 1088 ueniundum

701 1009 855 1086 tenditque
870 1011 926 1070 sub
940 1013 1070 1086 umbras,

208 1105 346 1180 Quanurs
361 1105 399 1164 ad
414 1104 577 1164 aetherium
591 1103 668 1164 coeli
682 1113 839 1184 suspectus
853 1104 1020 1182 Olympum.

208 1197 270 1256 Hic
284 1217 379 1276 genus
396 1197 550 1274 antiquum
565 1199 685 1269 Terrae,
701 1196 821 1256 Titania
834 1198 938 1273 pubes,

208 1290 346 1350 Fulmina
360 1290 469 1369 deJecti
483 1290 575 1350 fundo
589 1289 748 1360 vokruntur
762 1289 793 1347 in
808 1288 873 1348 imo.

208 1381 269 1441 Hic
284 1391 315 1442 et
329 1383 453 1442 Aloidas
466 1383 600 1462 geminos
614 1381 757 1441 immania
769 1380 831 1442 vidi

207 1473 348 1549 Corpora,
364 1473 416 1549 qui
429 1474 567 1533 manibus
581 1493 722 1552 magnum
737 1472 904 1533 rescindere
918 1472 1037 1534 coelum

206 1565 356 1644 Aggressi,
372 1567 545 1644 superisque
559 1569 667 1643 Jovem
681 1566 839 1626 detrudere
854 1565 962 1644 regnis.

206 1658 276 1717 Vidi
290 1670 321 1720 et
334 1659 470 1719 crudeles
483 1659 605 1719 dantem
621 1660 782 1721 Salmonea
795 1677 918 1738 poenas,

206 1751 287 1810 Dum
300 1753 434 1811 flammas
448 1753 531 1828 Jovis
545 1762 576 1812 et
590 1753 705 1813 sonitus
719 1751 850 1812 imitatur
865 1752 994 1830 Olympi

206 1844 342 1918 Quatuor
354 1845 404 1904 hic
418 1845 552 1905 invectus
565 1847 652 1922 equis
667 1855 698 1905 et
711 1844 851 1922 lampada
865 1863 1010 1920 quassans

206 1940 264 1996 Per
278 1938 400 1997 Graium
414 1938 542 2014 populos
557 1938 733 2015 mediaeque
747 1957 802 2015 per
815 1936 910 1996 Elidis
925 1938 1030 1997 urbem

206 2030 276 2090 Ibat
289 2049 390 2104 ovans,
406 2030 565 2105 divumque
581 2029 638 2090 sibi
651 2031 796 2106 poscebat
809 2029 962 2102 honorem,
993 2022 996 2028 ’

207 2125 357 2182 Demens!
379 2123 431 2198 qui
445 2121 563 2182 nimbos
578 2131 608 2182 et
621 2142 684 2183 non
698 2123 841 2182 imitabile
856 2122 968 2180 fulmen

207 2218 285 2275 Aere
300 2225 331 2275 et
344 2215 537 2294 cornipedum
551 2217 640 2292 pulsu
654 2216 805 2295 simularet
819 2233 971 2292 equorum.

205 2311 247 2395 At
260 2293 343 2387 pater
357 2308 548 2385 omnipotens
562 2308 657 2370 densa
667 2307 745 2369 inter
760 2308 861 2369 nubila
875 2297 968 2368 telum

206 2403 366 2477 Contorsit,
382 2421 443 2461 non
457 2402 507 2461 ille
521 2403 601 2462 faces
615 2421 672 2462 nec
685 2403 785 2462 fumea
797 2403 893 2463 taedis

205 2497 341 2570 Lumina,
356 2496 609 2573 praecipitemque
622 2496 744 2555 immani
759 2496 876 2555 turbine
890 2494 997 2574 adegit.

206 2591 272 2649 Nec
286 2608 347 2649 non
361 2598 391 2649 et
400 2588 524 2667 Tityon,
539 2590 650 2648 Terrae
664 2588 879 2665 omniparentis
893 2590 1055 2663 alumnum,

207 2684 337 2743 Cernere
351 2692 421 2756 erat,
436 2702 490 2759 per
505 2693 566 2743 tota
580 2702 689 2742 novem
702 2682 750 2743 cui
762 2684 865 2761 jugera
879 2702 987 2761 corpus

206 2775 373 2852 Porrigitur,
388 2786 545 2851 rostroque
558 2775 695 2835 immanis
709 2776 808 2836 vultur
821 2776 940 2837 obunco

206 2870 368 2929 Inmortale
378 2870 463 2948 jecur
477 2869 606 2929 tondens
620 2869 807 2945 secundaque
821 2870 928 2947 poenis

205 2962 329 3022 Viscera
342 2960 521 3038 rimaturque
536 2962 632 3039 epulis
646 2961 820 3039 habitatque
836 2964 892 3023 sub
906 2963 969 3023 alto

206 3058 339 3129 Pectore,
355 3074 411 3113 nec
424 3054 507 3113 fibris
520 3054 639 3130 requies
652 3055 739 3114 datur
752 3055 814 3114 ulla
826 3055 944 3127 renatis,
951 3098 971 3143 Ι

207 3147 288 3223 Quid
303 3166 464 3233 memorem
478 3147 629 3232 Lapithas,
645 3145 753 3206 Ixiona
764 3146 1013 3234 ,Pirithoumquei

206 3242 395 3317 Quossnper
409 3250 472 3299 atra
485 3240 560 3299 silex
570 3239 634 3317 jam
644 3241 706 3315 jam
721 3240 841 3315 lapsura
854 3240 1037 3317 cadentique

207 3335 347 3395 Imminet
361 3333 506 3394 adsimilis
518 3354 527 3407 ;
548 3333 648 3393 lucent
660 3332 828 3410 genialibus
843 3333 911 3393 altis

207 3431 307 3488 Aurea
320 3427 413 3487 fulcra
426 3426 507 3500 toris,
523 3426 687 3503 epulaeque
701 3434 772 3485 ante
785 3444 839 3485 ora
852 3436 974 3503 paratae

207 3520 342 3599 Regifico
356 3520 425 3579 luxu
438 3540 447 3593 ;
467 3518 619 3579 Furiarum
634 3518 764 3577 maxima
774 3518 858 3597 juxta

205 3614 349 3687 Accubat,
365 3623 396 3672 et
409 3612 545 3671 manibus
558 3612 698 3687 prohibet
711 3611 885 3689 contingere
899 3631 1028 3689 mensas,

208 3701 405 3784 Exsurgitque
419 3706 514 3786 facem
529 3704 678 3778 attollens,
694 3715 785 3781 atque
798 3704 915 3764 intonat
929 3724 987 3765 ore.

208 3798 270 3859 Hic
284 3798 391 3887 quibus
404 3797 491 3857 invisi
504 3796 618 3872 fratres,
633 3798 705 3858 dum
718 3797 780 3857 vita
792 3797 941 3871 manebat,
