3017 4700
305 367 362 428 134
615 367 641 409 r.
662 365 795 410 vrneurr
817 364 960 410 unuours

258 578 263 584 ,
294 509 384 587 'Quid
398 520 514 572 tanturn
528 511 652 572 Oceano
666 522 825 589 properent
839 531 871 572 se
885 509 1017 588 tinguere
1032 510 1110 570 soles
1239 539 1275 579 745
1337 586 1341 594 .

303 603 440 678 Hibemi,
456 605 503 664 vel
518 624 594 680 quae
607 604 699 664 tardis
713 623 796 664 mora
809 604 947 664 noctibus
961 605 1067 664 obstet.

303 697 493 775 Ingeminant
506 695 610 774 plausu
624 696 713 775 Tyrii,
730 700 883 773 Troesque
899 706 1068 773 sequuntur.

303 793 445 851 Necnon
459 800 490 850 et
502 790 583 850 vario
598 802 718 851 noctem
733 809 869 852 sermone
883 789 1019 849 trahebat

303 883 412 944 Infelix
427 883 516 958 Dido,
533 885 714 961 longumque
726 883 850 944 bibebat
864 900 1004 955 amorem,

304 977 403 1037 Multa
417 995 505 1054 super
520 976 637 1036 Priamo
652 975 790 1053 rogitem,
807 995 896 1052 super
911 978 1044 1036 Hectore
1059 975 1172 1050 multa;
1240 1005 1277 1042 750

304 1072 406 1143 Nunc,-
419 1069 526 1146 quibus
541 1072 674 1129 Aurorae
687 1068 817 1131 venisset
831 1069 908 1129 filius
923 1068 1018 1141 armis,
1069 1147 1072 1151 Ι

305 1167 403 1236 Nunc,
419 1162 520 1239 quales
535 1161 690 1221 Diomedis
704 1161 782 1238 equi,
797 1179 885 1236 nunc,
902 1171 1029 1238 quantus
1044 1160 1184 1222 Achilles

305 1260 404 1316 Immo
419 1274 482 1332 age,
498 1265 527 1314 et
541 1273 560 1314 a
573 1254 668 1331 prima
681 1253 738 1329 dic,
753 1257 871 1332 hospes,
886 1253 999 1332 origine
1013 1249 1100 1316 nobis

305 1347 441 1422 Insidias,
457 1347 560 1423 inquit,
578 1350 725 1421 Danaum,
740 1367 885 1425 casusque
900 1359 1025 1422 tuorum,

306 1445 485 1517 Erroresque
500 1450 568 1500 tuos
579 1462 587 1514 ;
608 1461 677 1500 nam
691 1453 721 1502 te
734 1443 796 1518 Jem
811 1441 937 1518 septima
950 1451 1050 1518 portat
1241 1468 1277 1532 ⁷3⁵
1318 1481 1320 1486 ·

306 1533 455 1597 Omnibus
468 1544 614 1596 errantem
628 1533 711 1596 terris
725 1545 755 1596 et
768 1533 907 1596 fluctibus
922 1545 1025 1596 aestas.

677 1942 825 2001 LIBER
854 1941 907 2001 11.

307 2191 515 2291 Communem
529 2204 579 2281 orn
600 2208 643 2264 es,
659 2188 824 2266 intentique
838 2208 890 2250 ora
904 2187 1053 2298 tqnebant

283 2320 292 2338 ,
306 2283 383 2343 Inde
397 2294 464 2342 toro
478 2293 562 2361 pater
566 2208 694 2386 ,xeneae
709 2283 751 2342 sic
766 2277 851 2346 orsus
864 2283 902 2344 ab
917 2283 977 2342 alto
989 2298 1006 2347 :i
1102 2325 1109 2370 ,¹
1132 2310 1135 2321 ·
1249 2309 1257 2347 i
1273 2352 1281 2363 ,
1296 2338 1324 2370 Ι,

347 2350 516 2451 Inferidum,
533 2376 657 2455 Regina,
671 2378 758 2454 jubes
773 2356 1070 2476 benovare¹doiorem,
1091 2396 1097 2421 ι’
1183 2379 1194 2418 1'
1229 2407 1233 2421 ι
1273 2375 1296 2415 “3

305 2457 451 2545 Troianas
464 2480 498 2529 ut
512 2458 585 2558 opes
600 2480 631 2528 et
643 2467 834 2536 lamentabile
848 2438 984 2550 iegnum,

307 2554 443 2621 Eruerint
458 2560 575 2667 Danqi3
595 2580 731 2638 quaeque
740 2534 810 2638 ¹ipse
824 2534 984 2671 miferrima
998 2560 1067 2634 vidi,
1108 2582 1112 2590 ¹

307 2656 346 2713 Et
360 2639 485 2740 quorum
499 2673 567 2731 pars
577 2631 689 2748 'magni
701 2653 751 2751 [ιη’.
795 2653 871 2730 Quis
885 2622 1077 2749 ‘taliatffando

307 2746 530 2838 Myrmidonum
546 2748 736 2830 Dolopumve
751 2758 801 2807 aut
809 2748 880 2837 ,duri
894 2748 978 2822 miles
989 2744 1085 2825 'Ulixi

306 2843 467 2917 Temperet
480 2861 498 2900 a
511 2840 659 2924 lacrimis?
679 2851 709 2900 et
718 2842 784 2926 jam
798 2838 859 2901 nox
871 2828 1094 2917 humida,coelo

306 2921 492 3016 Praecipitat,
508 2934 693 3009 suadentque
707 2931 845 2993 cadentia
859 2933 959 3012 sidera
970 2918 1098 2993 somnos.

250 3081 256 3090 ,
308 3027 368 3085 Sed
382 3026 407 3085 si
421 3023 519 3085 tintus
533 3003 617 3102 anior
630 3046 717 3087 casus
729 3000 1070 3117 ebgnorberepnostros·
1257 3052 1281 3081 ιο
1340 3058 1343 3065 ·

307 3121 346 3178 Et
359 3095 488 3179 brevitei
501 3113 610 3210 Trojae
625 3096 802 3225 supremum
810 3106 1067 3196 audire’laborem,

307 3192 497 3288 Quamqu'asn
511 3212 626 3301 animus
638 3198 931 3295 uiemmissuborret,
948 3213 1088 3315 luqtuque
1102 3208 1215 3317 rqfugit,

307 3304 461 3383 Incipiam.
505 3305 603 3365 Fracti
616 3307 696 3382 bello
710 3288 837 3386 sitisque
851 3326 882 3365 re
905 3303 961 3365 ulsi
1007 3300 1008 3303 ’

307 3381 455 3478 Ducto'res
470 3400 617 3473 Danaum,
634 3410 679 3460 tot
690 3393 754 3480 jam
768 3326 937 3461 labentibus
946 3396 1046 3485 annis,

307 3494 406 3551 Instar
419 3490 529 3551 montis
544 3511 653 3568 equum
668 3489 774 3584 diuina¹
783 3474 989 3580 Palladislarte

308 3584 485 3658 Aedificant,
501 3576 641 3664 sectaque
656 3585 792 3647 intexunt
806 3585 903 3657 abiete
918 3594 1036 3657 costas3
1125 3600 1127 3607 ’

306 3679 418 3737 Votum
430 3696 486 3756 pro
500 3678 596 3751 reditu
610 3658 770 3754 simulant3
789 3698 826 3740 ea
835 3680 918 3759 ¹sarna
931 3688 1058 3779 vagatur.

307 3772 379 3831 Huc
393 3771 510 3834 delecta
522 3771 616 3854 virum
632 3768 726 3847 sortiti
739 3760 976 3850 comnia-,furtim
