3017 4700
308 403 343 442 22
637 397 662 442 P.
683 397 784 443 OVlDll
806 397 941 442 NASONIS

307 545 388 604 Orbe
403 554 552 621 pererrato
561 543 773 620 -quis'enim
785 543 968 621 deprendere
981 540 1076 619 possit

306 638 396 696 Furta
409 605 910 714 Jdvis?-¹pr0fugus'patriimque
924 596 1056 712 irairrque
1070 634 1200 712 patentis

286 789 287 796 χ
305 728 389 789 Vitat
401 729 597 826 Agenorides,
614 729 788 880 Phoepique
802 728 923 788 oracula
936 730 1061 810 ,supplex

307 821 444 881 Consulit
458 831 496 895 et,
513 793 590 898 qliae
605 821 642 881 sit
655 822 695 882 tel
706 841 741 881 us
755 796 1070 924 habitanda‘requirit

307 917 366 974 Bos
381 887 598 988 tibthhoebul
613 913 662 989 ait,
677 905 749 974 sblis
764 882 898 991 occrlrret
911 913 942 972 in
957 914 1041 988 arviS,

307 1009 430 1067 Nullum
444 1026 532 1084 passa
543 1009 647 1084 jugum
661 1007 801 1085 curvique
808 1007 954 1081 (immunis
969 1007 1073 1068 aratri:

307 1103 376 1160 Hac
391 1101 467 1161 duce
481 1119 569 1177 carpe
583 1099 645 1160 vias
661 1111 698 1174 et,
715 1099 963 1177 quarequieverit
979 1101 1080 1175 herba,

307 1192 431 1253 Moenia
444 1194 491 1252 sac
506 1193 627 1267 condaS,
644 1192 827 1270 Boeotiaque
842 1193 893 1253 illa
905 1204 1021 1254 vocato.

305 1286 365 1345 Vix
378 1288 455 1346 bene
471 1286 603 1346 Castalio
618 1286 751 1346 Cadmus
765 1287 961 1346 descenderat
975 1297 1069 1360 antr0,

307 1378 523 1440 Incustoditam
538 1380 617 1439 lente
632 1379 713 1439 videt
726 1379 769 1439 ire
781 1381 948 1455 juvencam,
1016 1395 1023 1401 ⁷
1062 1424 1065 1433 .

307 1473 429 1532 Nullum
445 1472 553 1532 servitii
567 1471 683 1550 signum
697 1472 813 1532 cervice
826 1482 987 1550 gerentem.

306 1565 500 1642 Subsequitur
513 1584 676 1643 pressoque
691 1565 762 1643 legit
776 1565 899 1642 vestigia
911 1585 1022 1645 gressu,

305 1661 530 1735 Auctoremque
544 1659 609 1719 viae
625 1660 782 1720 Phoebum
795 1659 956 1719 taciturnus
970 1659 1082 1719 adorat
1132 1662 1136 1668 ’

305 1755 374 1830 Jam
387 1752 465 1812 vada
478 1751 601 1828 Cephisi
616 1754 813 1830 Panopesque
828 1762 961 1812 evaserat
975 1771 1062 1812 arva:

307 1848 366 1906 Bos
381 1845 461 1905 stetit
475 1851 521 1919 et,'
530 1846 637 1906 tollens
652 1845 813 1922 spatiosam
826 1845 966 1905 cornibus
980 1844 1047 1904 altis

306 1940 356 1999 Ad
370 1940 487 1998 coelum
502 1940 637 2013 frontem,
653 1938 813 2016 mugitibus
827 1939 945 2015 impulit
959 1957 1052 2013 auras,

306 2033 406 2108 Atque
421 2031 470 2106 ita,
486 2031 646 2110 respiciens
661 2031 786 2092 comites
801 2051 854 2092 sua
867 2042 949 2109 terga
964 2042 1132 2108 sequentes,

308 2125 468 2186 Procubuit
482 2136 642 2203 teneraque
656 2127 732 2186 latus
746 2125 881 2186 submisit
895 2125 926 2184 in
940 2126 1038 2185 herba

308 2218 439 2279 Cadmus
454 2219 513 2315 agit
526 2230 631 2296 grateS,
647 2219 877 2317 peregrinaeque
892 2218 1102 2309 osculasterrae

307 2311 385 2389 Figit
399 2323 429 2372 et
443 2311 560 2390 ignotos
574 2299 851 2389 montes-agrosque
866 2312 980 2395 salutat.
1258 2340 1282 2379 ας
1351 2357 1355 2365 .

307 2408 396 2466 Sacra
408 2381 477 2490 Joyi
490 2408 619 2465 facturus
634 2384 713 2465 elat:
733 2406 818 2481 jubet
826 2404 872 2507 *ire
887 2404 1036 2487 ministros

216 2518 218 2523 ’
308 2500 347 2557 Et
361 2493 460 2573 petere
474 2517 491 2557 e
505 2470 579 2557 vilis
593 2477 728 2591 libairdas
743 2496 875 2577 fontibus
888 2496 993 2556 undas

309 2590 389 2651 Silva
402 2601 485 2650 vetus
500 2592 605 2663 stabat,
621 2583 703 2693 nulla
716 2590 828 2676 violata
842 2589 945 2669 sepuri,

309 2686 346 2742 Et
361 2702 466 2760 specus
481 2683 511 2742 in
526 2683 635 2757 medi0‚
650 2682 738 2759 uirgis
753 2702 789 2742 ac
802 2682 912 2743 vimine
926 2682 1047 2757 densus,

309 2775 447 2835 Efficiens
461 2775 604 2835 humilem
619 2776 751 2853 lapidum
766 2775 959 2853 compagibus
973 2796 1098 2851 arcum,¹
1259 2808 1283 2845 30

225 2880 230 2887 “
308 2869 458 2956 Uberibus
473 2870 617 2967 sepundus
629 2868 717 2955 pquis
730 2868 964 2968 :mbilconditus¹
974 2880 1059 2929 antro

309 2962 434 3022 Martius
444 2962 552 3061 Janguis
567 2972 637 3045 erat,
653 2961 748 3054 cristis
762 2961 923 3054 praepignis
938 2973 972 3054 et¹
981 2982 1072 3038 aur03

308 3058 383 3131 Igne
397 3055 508 3151 mipant
523 3055 609 3149 oculi,
625 3066 732 3152 corpus
747 3065 848 3143 tumet¹
856 3074 945 3115 omne
959 3074 1086 3148 veprem,

307 3150 442 3225 Tresque
456 3148 712 3245 vibrantlinguae,
728 3147 836 3237 triplipi
851 3156 930 3209 'stant
944 3148 1047 3247 prdine
1058 3151 1177 3230 dentes.

308 3243 407 3317 Quem
420 3252 580 3335 postquam
594 3241 797 3329 Tynp'lucum
811 3241 952 3331 degente
967 3241 1092 3326 profecti
1258 3273 1282 3310 35

308 3334 443 3417 Infausto
457 3334 578 3411 tetigere
592 3335 692 3411 gradu,
709 3324 896 3411 demissaque
910 3334 941 3393 in
955 3335 1051 3395 undas

309 3430 393 3488 Urna
407 3427 491 3488 dedit
504 3426 642 3501 sonitum,
659 3423 749 3505 longo
763 3438 854 3505 caput
867 3427 971 3488 extulit
986 3439 1071 3488 antro

309 3521 471 3581 Caemleus
486 3540 607 3597 serpens
620 3520 826 3597 horrendaque
840 3520 927 3581 sibila
939 3520 1051 3590 misit„
1095 3527 1099 3534 ’

309 3614 454 3673 Effluxere
469 3632 559 3686 urnae
573 3614 718 3687 manibus,
734 3613 912 3690 sanguisque
926 3599 1044 3690 reliquit

309 3707 425 3783 Corpus
440 3717 469 3766 et
484 3706 625 3793 attonitos
640 3706 753 3767 subitus
768 3716 878 3768 tremor
891 3717 1020 3783 occupat
1034 3717 1121 3767 artus.
1257 3740 1283 3774 40

310 3798 366 3859 Ille
380 3798 559 3861 volubilibus
574 3818 749 3877 squamosos
763 3798 889 3861 nexibus
903 3800 992 3861 orbes
1208 3802 1212 3831 ¹
