3017 4700
586 423 744 469 Aruernos
765 425 822 470 um.
844 426 889 470 111.
1171 415 1227 487 163

252 566 346 627 Pestis
360 577 391 628 et
405 566 447 628 ira
461 567 549 628 deum
566 569 674 646 Stygiis
688 589 756 631 sese
770 570 873 631 extulit
886 555 1002 666 undis>¹
1190 598 1227 638 εις

250 661 383 739 Virginei
397 664 549 723 volucrum
562 665 669 738 vultus,
684 664 856 725 foedissima
870 665 980 726 ventris

251 755 411 831 Proluvies‚
427 776 580 833 uncaeque
594 775 707 832 manus,
723 769 753 818 et
767 758 879 836 pallida
893 777 1010 836 semper

250 848 311 908 Ora
325 850 410 909 fame.
727 857 731 866 '

251 943 322 1002 Huc
337 942 388 1002 ubi
402 937 493 1046 delap
506 954 609 1020 portus
623 943 890 1028 intravimus‚,ecce

251 1035 344 1109 Laeta
356 1006 448 1095 boiim
462 1005 572 1112 passirlr
586 1055 650 1096 cam
674 1037 698 1095 is
713 1047 845 1097 armenta
858 1015 993 1098 videmus

251 1092 508 1219 Caprigepiumque
518 1100 615 1281 ¹p‘ffus
628 1147 648 1187 n

693 1103 850 1282 ocilspode
865 1103 1045 1232 pdreherpas.
1061 1187 1063 1190 .

250 1223 265 1280 I
316 1221 322 1232 '
356 1223 493 1372 usli-ff
506 1233 537 1281 et
572 1221 635 1328 ipos
649 1221 768 1316 ippumq
789 1241 959 1330 evopamus

250 1317 287 1374 Iu
302 1326 417 1408 partem
430 1335 451 1391 p
466 1315 630 1467 aepamque
644 1318 769 1498 Jopem3
789 1317 950 1424 tumpuore
965 1335 1055 1375 curvo

250 1409 310 1466 Exs
359 1407 365 1418 ’
398 1427 494 1484 usque
521 1426 590 1468 oros
604 1408 676 1484 dapi
696 1403 790 1484 usque
806 1363 961 1491 epulamul
972 1407 1103 1520 opimisV

249 1503 290 1560 At
305 1419 420 1598 sume
434 1469 670 1591 homfid0,lappu
684 1502 722 1584 de
734 1494 887 1593 prontibu's
896 1502 1009 1586 pdsunt

249 1593 401 1680 Harpyiae
416 1605 447 1654 et
460 1594 574 1670 magnis
589 1594 725 1683 quatiunt
738 1596 934 1688 clangoribus*
942 1597 1011 1669 alas,

249 1685 458 1764 Diripiuntque
473 1678 565 1786 dapes
579 1677 784 1765 contactuque
793 1675 1029 1763 omnialoedant

249 1781 409 1840 Immundo
420 1803 429 1855 ;
449 1792 511 1840 tum
524 1801 584 1864 ¹vor
597 1770 705 1842 tetium
718 1780 782 1841 dira
796 1782 872 1841 inter
885 1783 1016 1863 odorem.

249 1873 378 1934 Rursuni
392 1874 423 1933 in
438 1893 556 1934 secessu
569 1854 660 1952 longo
674 1874 729 1934 sub
743 1839 816 1952 rupe
830 1870 942 1949 cavala,
1021 1843 1046 1880 Ι

248 1967 412 2028 Arboribus
426 1968 517 2027 clausi
531 1967 640 2027 circum
655 1977 745 2044 atque
759 1967 946 2029 horrentibus
959 1969 1080 2045 umbris,
1184 2001 1223 2028 ιο

214 2097 217 2103 ·
248 2060 422 2121 Instruimus
436 2079 555 2119 mensas
570 2061 686 2136 arisque
700 2061 870 2136 reponimus
885 2060 1001 2138 ignem:

248 2155 378 2213 Rursum
393 2173 429 2213 ex
443 2153 559 2212 diverso
574 2152 650 2212 coeli
664 2153 820 2229 caecisque
835 2153 955 2213 latebris

246 2249 347 2307 Turba
361 2265 471 2307 sonans
485 2247 626 2323 praedam
640 2245 767 2322 pedibus
781 2246 972 2306 circumvolat
986 2247 1078 2322 uncis,

246 2339 356 2401 Polluit
370 2360 421 2400 ore
436 2340 536 2416 dapes.
579 2339 672 2400 Sociis
686 2349 767 2414 tunc,
783 2359 864 2399 arma
878 2352 1057 2417 capessant„

247 2434 350 2509 Edico,
366 2444 396 2494 et
410 2433 473 2493 dira
487 2433 598 2494 bellum
612 2452 681 2492 cum
694 2444 784 2510 gente
797 2434 1005 2524 gerendum7

247 2528 340 2587 Haud
354 2546 438 2587 secus
453 2546 488 2586 ac
499 2526 574 2605 jussi
588 2526 708 2600 faciunt,
724 2537 878 2603 tectosque
893 2546 947 2605 per
960 2528 1083 2587 herbam

246 2621 418 2698 Disponunt
432 2639 518 2679 enses
532 2630 563 2679 et
577 2631 660 2679 scuta
673 2621 795 2681 latentia
809 2621 949 2681 condunt.

246 2716 324 2791 Ergo
337 2713 389 2773 ubi
401 2713 540 2789 delapsae
555 2712 684 2772 sonitum
698 2733 751 2790 per
765 2732 854 2773 curva
867 2713 976 2774 dedere

245 2808 354 2881 Litora,
369 2807 422 2866 dat
436 2807 552 2884 signum
567 2808 687 2882 specula
701 2807 837 2867 Misenus
851 2808 889 2867 ab
904 2808 964 2867 alta

245 2905 323 2961 Aere
337 2920 419 2961 cavo.
464 2900 614 2960 Invadunt
629 2900 710 2973 socii,
726 2911 756 2961 et
770 2920 848 2961 nova
862 2900 975 2978 proelia
988 2910 1112 2975 tentant,

242 2994 402 3057 Obscenas
413 2993 511 3072 pelagi
524 2993 600 3053 fetro
614 2993 733 3054 foedare
747 2994 889 3053 volucres.

245 3089 306 3149 Sed
320 3107 418 3164 neque
432 3086 491 3145 vim
505 3087 613 3163 plumis
627 3087 718 3145 ullam
732 3105 789 3146 nec
803 3088 924 3147 vulnera
937 3098 1019 3165 tergo

244 3181 412 3259 Accipiunt,
428 3180 576 3257 celerique
590 3181 659 3257 fuga
672 3181 727 3239 sub
742 3178 840 3239 sidera
853 3181 954 3257 lapsae

244 3274 408 3334 Semiesam
423 3273 563 3350 praedam
577 3282 608 3331 et
620 3271 846 3348 vestigia'foeda
860 3273 1037 3350 relinquunt.

243 3366 356 3428 Una‘in
373 3368 524 3443 praecelsa
537 3364 674 3425 consedit
687 3384 760 3441 rupe
775 3366 916 3439 Celaeno,
937 3428 943 3441 ,

243 3459 351 3520 Infelix
366 3471 456 3532 vates,
471 3457 640 3536 rumpitque
653 3456 733 3516 hanc
746 3467 866 3533 pectore
880 3478 1003 3519 vocem:

242 3554 358 3614 Bellum
373 3552 463 3613 etiam
478 3570 532 3628 pro
547 3550 639 3609 caede
652 3550 745 3609 boum
760 3552 916 3627 stratisque
929 3552 1072 3629 juvencis,
1162 3584 1164 3589 ·

242 3645 525 3717 Laomedontiadae,
540 3644 691 3702 bellumne
709 3641 814 3702 inferre
828 3644 936 3720 paratis

243 3739 284 3799 Et·
295 3738 391 3817 patrio
406 3726 555 3813 Harpyias
569 3735 702 3794 insontes
715 3736 826 3812 pellere
840 3740 952 3813 regno?

243 3831 379 3910 Accipite
394 3849 464 3908 ergo
477 3828 583 3889 animis
597 3838 687 3905 atque
700 3828 775 3888 haec
789 3848 856 3889 mea
870 3830 949 3907 figite
964 3829 1050 3891 dicta
