3017 4700
567 473 725 518 AENEIDOS
746 474 805 519 ΜΒ.
829 475 873 519 111.

600 793 747 852 LIBER
773 794 849 854 III.

241 998 412 1065 POSTQUAM
426 1009 473 1052 res
488 990 577 1051 Asiae
593 990 761 1068 Priamique
776 1003 906 1053 evertere
919 1003 1040 1072 gentem

242 1085 422 1146 Immeritam
436 1084 532 1144 visum
547 1083 674 1161 Superis,
689 1083 858 1161 ceciditque
873 1087 1033 1163 superbum

241 1181 330 1240 ilium
345 1191 374 1240 et
388 1166 486 1238 omnis
500 1178 590 1237 humo
605 1177 696 1236 fumat
711 1177 866 1253 Neptunia
878 1181 979 1256 Troja,

242 1274 366 1332 Diversa
380 1271 482 1331 exsilia
495 1281 525 1330 et
539 1271 667 1330 desertas
682 1289 823 1346 quaerere
837 1281 929 1330 terras

241 1364 379 1442 Auguriis
393 1363 505 1441 agimur
518 1363 627 1436 divum,
643 1364 828 1440 classemque
842 1365 898 1424 sub
913 1363 978 1441 ipsa
1201 1395 1212 1430 ς

241 1457 395 1517 Antandro
410 1467 440 1517 et
454 1455 596 1534 Phrygiae
609 1456 748 1516 molimur
761 1455 911 1516 montibus
927 1457 1009 1531 Idae,

241 1551 360 1624 Incerti,
376 1568 436 1626 quo
449 1550 509 1609 iata
522 1549 624 1623 ferant,
639 1548 690 1609 ubi
704 1549 809 1610 sistere
822 1549 915 1624 denu,
990 1559 995 1580 '

242 1643 509 1718 Contrahimusque
521 1641 606 1701 viros
642 1642 701 1700 Vix
714 1642 810 1720 prima
824 1641 973 1720 inceperat
987 1652 1093 1718 aestaS,

242 1738 280 1796 Et
293 1745 378 1812 pater
391 1734 537 1794 Anchises
551 1735 621 1795 dare
635 1734 702 1794 fatis
713 1737 783 1818 uela
795 1737 938 1812 jubebat,

241 1829 342 1888 Litora
356 1847 446 1905 quum
459 1828 571 1906 patriae
581 1827 740 1913 »lacrimans
754 1839 917 1907 portusque
931 1829 1065 1906 relinquo

241 1923 280 1980 Et
293 1940 423 1999 campos,
438 1921 489 1981 ubi
503 1923 594 1997 Troja
607 1920 668 1980 fuit.
713 1923 805 1981 Feror
818 1923 900 1982 exsul
913 1922 944 1981 in
959 1924 1050 1983 altum

241 2015 318 2076 Cum
332 2013 420 2074 sociis
433 2024 564 2090 natoque
579 2013 739 2073 Penatibus
754 2023 784 2074 et
797 2015 910 2092 magnis
925 2015 977 2074 dis.

280 2109 372 2168 Terra
384 2108 486 2184 procul
495 2106 591 2166 ¹vastis
604 2105 711 2166 colitur
725 2107 874 2166 Mavortia
888 2107 1009 2185 campis,

240 2189 372 2260 Thraces
386 2211 477 2274 arant,
494 2199 552 2260 acri
567 2199 719 2276 quondam
732 2209 856 2277 regnata
868 2201 1012 2278 Lycurg0,

242 2293 413 2371 Hospitium
427 2292 581 2371 antiquum
596 2293 705 2370 Troiae
720 2292 852 2371 sociique
868 2297 1003 2369 Penates,
1189 2321 1223 2369 15¹

240 2389 321 2447 Dum
335 2388 451 2447 fortuna
464 2386 525 2446 suit
568 2387 660 2447 Feror
673 2388 740 2461 huc,
756 2398 786 2447 et
800 2387 885 2448 litore
899 2406 990 2448 curvo

241 2480 365 2541 Moenia
377 2480 472 2558 prima
484 2481 561 2554 loco,
578 2480 644 2541 satis
659 2481 807 2559 ingressus
821 2480 938 2558 iniquis,

239 2575 454 2651 Aeneadasque
468 2593 537 2635 meo
551 2593 661 2635 nomen
676 2574 715 2634 de
729 2574 850 2635 nomine
864 2574 953 2652 fingo.

281 2669 370 2728 Sacra
384 2668 538 2728 Dionaeae
551 2667 636 2727 matri
650 2667 786 2745 divisque
800 2666 931 2727 ferebam

240 2759 418 2838 Auspicibus
432 2772 605 2837 coeptorum
619 2779 750 2839 operum,
767 2780 934 2838 superoque
949 2759 1092 2822 nitentem
1188 2790 1212 2817 ω

240 2852 424 2921 Coelicolum
438 2852 499 2930 regi
512 2855 679 2915 mactabam
694 2854 724 2913 in
739 2854 824 2914 litore
838 2864 961 2914 taurum.

239 2938 327 3005 Forte
341 2945 395 3006 suit
407 2948 491 3022 juxta
504 2949 641 3021 nunnius,
657 2965 718 3024 quo
731 2966 842 3007 comea
855 2966 971 3007 summo

238 3039 374 3115 Virgulta
387 3049 417 3099 et
432 3039 531 3099 densis
545 3040 698 3101 hastilibus
712 3039 832 3100 horrida
845 3050 964 3119 myrtus.

239 3131 370 3206 Accessi,
385 3131 567 3209 viridemque
582 3134 620 3193 ab
634 3133 725 3192 humo
739 3134 907 3193 convellere
921 3132 1024 3193 siluam

163 3295 165 3301 ,
239 3226 380 3299 Conatus,
395 3225 483 3285 ramis
498 3235 626 3302 tegerem
640 3236 673 3285 ut
686 3224 892 3285 frondentibus
906 3244 979 3300 aras,
1064 3260 1067 3265 -
1189 3254 1217 3293 ις
1315 3258 1320 3265 ·

240 3318 432 3377 Horrendum
446 3329 477 3378 et
490 3318 572 3378 dictu
585 3317 674 3377 video
687 3318 823 3378 mirabile
837 3330 1008 3379 monstrum

239 3412 327 3483 Nam,
343 3429 420 3486 quae
434 3410 529 3489 prima
542 3413 606 3471 solo
620 3410 713 3488 ruptis
727 3410 876 3471 radicibus
890 3413 978 3472 arbos

237 3503 372 3577 Vellitur,
387 3503 456 3564 huic
471 3516 536 3564 atro
549 3504 701 3581 liquuntur
713 3503 858 3583 sanguine
871 3515 971 3581 guttae

239 3598 278 3656 Et
291 3608 397 3657 terram
412 3599 483 3657 tabo
497 3598 653 3657 maculant.
697 3595 775 3655 Mihi
789 3596 910 3675 frigidus
924 3597 1029 3657 horror

239 3691 377 3749 Membra
391 3689 493 3766 quatit,
508 3689 682 3767 gelidusque
696 3688 758 3748 coit
771 3689 928 3749 formidine
943 3688 1069 3769 sanguis.
1187 3720 1212 3758 30

239 3784 352 3842 Rursus
367 3794 398 3842 et
412 3782 530 3842 alterius
544 3784 656 3842 lentum
670 3782 838 3843 convellere
851 3782 950 3843 vimen

239 3877 387 3951 Insequor
400 3885 430 3935 et
444 3894 561 3934 caussas
574 3874 693 3951 penitus
707 3885 821 3935 tentare
836 3876 981 3936 latentes:

236 3970 311 4028 Ater
324 3978 355 4029 et
367 3967 485 4029 alterius
499 3967 630 4046 sequitur
643 3969 682 4031 de
695 3968 809 4030 cortice
821 3968 946 4046 sanguis.
955 4029 981 4061 Ι
