3017 4700
540 415 702 462 AENEIDOS
723 416 782 459 LIB.
803 417 845 464 Ἦ.

209 562 348 621 Necnon
362 558 516 621 Threicius
530 560 621 639 longa
634 580 703 621 cum
716 572 800 622 veste
814 561 956 644 sacerdos

209 653 388 730 Obloquitur
401 655 533 714 numeris
547 664 664 732 septem
677 654 850 714 discrimina
863 674 979 730 vocum,

208 749 336 823 Jamque
350 747 455 810 eadem
470 746 579 826 digitis,
592 748 654 826 jam
668 747 788 824 pectine
801 749 901 824 pulsat
914 749 1036 830 eburno.

210 839 272 898 Hic
285 858 380 918 genus
394 839 548 916 antiquum
562 840 679 913 Teucri,
694 841 892 918 pulcherrima
905 827 1013 918 proles,

202 932 395 1010 ¹Magnanimi
410 934 526 1006 heroes,
542 933 603 994 uati
617 932 790 1008 melioribus
803 934 899 1007 annis,
998 923 1001 928 ¹

209 1025 333 1102 Ilusque·
346 1027 569 1103 Assaracusque
584 1035 614 1086 et
628 1027 737 1103 Trojae
753 1026 910 1088 Dardanus
925 1038 1035 1091 auctor.

210 1120 302 1178 Arma
315 1119 419 1196 procul
433 1137 594 1196 currusque
607 1118 702 1199 virum
716 1119 839 1180 miratur
852 1119 964 1181 inanes.

210 1212 296 1270 Stant
310 1222 388 1270 terra
402 1211 517 1271 delixae
531 1213 643 1285 hastae,
658 1211 831 1288 passimque
846 1213 935 1273 soluti

209 1305 267 1363 Per
279 1323 418 1381 campum
431 1315 593 1381 pascuntur
605 1304 683 1382 equi
728 1305 815 1382 Quae
828 1305 922 1384 gratia
937 1324 1075 1389 curruum

208 1398 425 1473 Armorumque
440 1397 495 1457 fuit
508 1397 592 1471 vivis,
608 1416 685 1474 quae
699 1385 770 1458 cura
783 1397 912 1472 nitentes

177 1503 191 1562 ἰ
209 1490 337 1548 Pascere
351 1508 465 1565 equos,⁴
471 1491 577 1552 eadem
591 1490 725 1567 sequitur
739 1490 844 1551 tellure
858 1502 1002 1569 repostos

208 1582 372 1659 Conspicit,
388 1601 466 1658 ecce,
482 1583 557 1643 alios
571 1583 675 1643 dextra
688 1585 832 1662 laevaque
846 1603 900 1662 per
913 1587 1039 1660 herbam

206 1675 556 1753 Vescenteslaetumque
569 1678 661 1736 choro
676 1679 796 1737 Paeana
809 1688 953 1740 canentes
990 1663 994 1675 ’

208 1771 293 1828 Inter
306 1769 463 1829 odoratum
476 1769 550 1828 lauri
565 1789 679 1849 nemus,
694 1770 775 1845 unde
790 1789 919 1848 superne

209 1862 357 1922 Plurimus
373 1861 496 1922 Eridani
510 1881 563 1938 per
576 1852 681 1921 silvam
695 1862 824 1922 volvitur
837 1863 941 1924 amnis.

210 1954 273 2014 Hic
286 1973 392 2014 manus
407 1954 447 2015 ob
461 1951 587 2031 patriam
601 1955 764 2033 pugnando
777 1955 900 2035 uulnera
913 1956 1003 2034 passi,

209 2048 330 2124 Quique
345 2048 517 2111 sacerdotes
531 2047 701 2120 casti,dum
714 2047 775 2108 vita
789 2050 938 2124 manebat,
955 2039 962 2056 '

210 2140 329 2218 Quique
342 2141 385 2219 pii
399 2150 482 2201 vates
497 2151 526 2200 et
541 2140 664 2201 Phoebo
678 2140 770 2217 dig'na
782 2141 883 2216 locuti,

211 2236 355 2294 Inventas
368 2244 419 2295 aut
433 2233 485 2309 qui
498 2232 589 2293 vitam
603 2234 758 2293 excoluere
771 2253 826 2311 per
839 2243 926 2309 artes,

210 2329 329 2408 Quique
344 2327 389 2389 sui
404 2345 552 2387 memores
566 2326 752 2388 alios-fecere
767 2328 930 2403 mercnd03

209 2424 357 2487 Omnibus
371 2421 418 2481 his
432 2421 519 2481 nivea
533 2421 693 2499 cinguntur
704 2430 841 2508 tempora
855 2421 936 2482 vitta

209 2519 295 2594 Quos
308 2515 503 2592 circumfusos
517 2512 562 2584 sic
573 2512 724 2588 estaffata
739 2515 859 2595 Sibylla,

161 2663 169 2669 .
210 2612 368 2669 Musaeum
381 2618 452 2669 ante
466 2626 571 2670 omnes
583 2630 593 2683 ς
611 2608 746 2677 medium
759 2628 829 2669 nam
843 2607 971 2685 plurima
984 2606 1072 2677 trube

211 2705 305 2762 Hunc
319 2702 417 2774 habet,
432 2700 667 2787 atquehumeris
681 2712 849 2766 exstantem
864 2699 988 2777 suspicit
994 2699 1069 2769 ,altis
1082 2723 1089 2760 ε
1155 2692 1160 2713 '

211 2796 319 2869 Dicite,
334 2794 438 2857 felices
452 2794 578 2867 animae,
593 2804 694 2871 tuque,
708 2794 822 2872 optime
836 2804 928 2866 vates

211 2890 297 2964 Quae
311 2888 392 2965 regio
407 2887 571 2960 Anchisen,
586 2887 654 2963 quis
668 2888 758 2947 habet
772 2887 876 2947 locus?
897 2886 977 2947 illius
991 2903 1062 2965 ergo

211 2982 356 3042 Venimus
371 2991 401 3041 et
414 2999 538 3059 magnos
554 2982 645 3041 Erebi
659 2982 840 3043 tranavimus
856 3000 968 3045 amnes.

213 3077 313 3151 Atque
327 3073 396 3133 huic
410 3091 587 3150 responsum
600 3072 704 3151 paucis
718 3073 761 3136 ita
773 3074 904 3137 reddidit
917 3075 1026 3137 heros:

212 3168 296 3227 Nulli
309 3177 390 3228 certa
403 3166 512 3229 domus
523 3189 533 3241 3
551 3166 627 3228 lucis
641 3166 810 3232 habitamus
825 3166 935 3244 opacis,

203 3261 416 3337 ¹Riparumque
431 3268 514 3324 toros
525 3268 558 3319 et
571 3268 656 3335 prata
668 3260 800 3329 recentia
814 3258 884 3319 rivis

213 3352 386 3413 Incolimus.
429 3352 489 3413 Sed
503 3370 565 3425 vos,
580 3350 607 3411 si
620 3352 677 3411 fert
690 3350 732 3411 ita
745 3352 836 3413 corde
850 3353 997 3426 voluntas,

214 3448 285 3505 Hoc
299 3454 437 3523 superate
449 3446 573 3524 jugum,
594 3453 631 3503 et·
637 3443 716 3506 facili
728 3445 922 3521 jamtramite
936 3445 1047 3525 sistam.

213 3538 305 3613 Dixit,
322 3549 353 3599 et
365 3549 436 3599 aute
449 3537 516 3599 tulit
528 3555 673 3617 gressum,
687 3556 870 3615 camposque
884 3538 1012 3599 nitentes

214 3634 351 3709 Desuper
365 3640 515 3705 ostentat3
537 3629 645 3689 dehinc
660 3648 776 3690 summa
789 3630 944 3694 cacumina
957 3630 1121 3718 linquunt,

254 3726 296 3783 At
309 3733 395 3801 pater
409 3722 557 3782 Anchises
570 3722 690 3799 penitus
704 3723 838 3785 convalle
852 3724 959 3785 virenti

215 3817 351 3893 Inclusas
365 3814 479 3889 animas
493 3830 692 3892 superumque
704 3815 746 3876 ad
758 3816 860 3879 lumen
874 3817 966 3883 ituras
1010 3864 1013 3871 .
1152 3829 1191 3870 aaa
1269 3849 1271 3853 -
