3017 4700
319 423 374 477 104
631 421 657 462 P.
676 419 809 463 VlRGlLll
831 414 972 464 Marionis

315 567 396 625 Rara
410 563 447 624 sit
461 583 500 623 an
514 583 602 641 supra
614 583 727 624 morem
742 564 767 625 si
782 566 875 625 densa
887 564 1026 642 requires,

316 659 418 717 Altera
431 656 584 717 frumentis
598 658 740 732 quoniam
754 659 841 731 favet,
857 659 947 718 altera
962 658 1089 732 Baccho,

315 751 419 810 Densa
431 750 526 826 magis
540 749 649 823 Cereri,
664 750 811 810 rarissima
825 769 960 826 quaeque
974 752 1075 827 Lyaeo
1082 769 1096 825 Δς

314 844 394 902 Ante
408 843 507 902 locum
521 842 621 919 capies
635 843 737 916 oculis,
753 845 871 918 alteque
882 841 1000 922 jubebis

315 937 353 994 In
367 936 464 996 solido
478 946 600 1012 puteum
614 935 738 1009 deniitti,
754 954 932 1011 omnemque
946 953 1073 1012 repones

314 1030 428 1087 Rursus
442 1029 573 1102 humum,
590 1028 760 1105 etpedibus
775 1047 903 1087 summas
917 1027 1059 1104 aequabis
1073 1045 1186 1088 arenas.

316 1121 348 1181 Si
362 1121 494 1197 deerunt,
510 1141 615 1195 rarum,
631 1121 792 1198 pecorique
805 1131 835 1182 et
848 1120 957 1181 vitibus
971 1120 1057 1180 almis

314 1214 423 1291 Aptius
438 1216 512 1275 uber
525 1215 599 1289 erit;
619 1215 666 1274 siu
680 1214 709 1273 in
726 1234 779 1274 sua
792 1233 880 1291 posse
895 1215 1045 1290 negabunt

315 1309 362 1366 Ire
377 1308 444 1367 loca
458 1317 488 1367 et
502 1307 656 1368 scrobibus
670 1307 819 1384 superabit
834 1318 909 1366 terra
922 1305 1048 1383 repletis,
1252 1335 1289 1372 23⁵

316 1400 433 1477 Spissus
448 1419 536 1477 ager;
555 1401 676 1476 glaebas
690 1410 862 1461 cunctantes
876 1417 1032 1476 crassaque
1046 1409 1128 1476 terga

316 1495 471 1569 Exspecta,
487 1503 518 1552 et
532 1492 636 1552 validis
650 1503 757 1553 terram
771 1492 927 1570 proscinde
939 1491 1080 1568 juvencis.

316 1586 400 1645 Salsa
415 1596 513 1646 autem
528 1587 614 1646 tellus
628 1595 659 1646 et
672 1605 748 1663 quae
763 1587 932 1663 perhibetur
945 1603 1092 1646 amara-

315 1678 460 1754 Frugibus
474 1677 576 1738 infelix
589 1698 633 1752 ea,
648 1698 704 1739 uec
718 1678 898 1740 mansuescit
912 1679 1032 1752 arande,

240 1764 245 1771 ’
315 1773 345 1830 N
347 1791 382 1830 ec
398 1772 517 1831 Baccho
530 1791 633 1848 genus,
648 1782 699 1832 aut
712 1772 809 1849 pomis
824 1791 877 1832 sua
890 1770 1012 1832 nomina
1025 1781 1171 1830 servat-
1252 1800 1289 1837 ψ

314 1865 388 1924 Tale
403 1865 488 1923 dabit
501 1866 669 1942 specimen:
689 1875 722 1925 tu
735 1866 832 1942 spisso
846 1863 955 1924 vimine
970 1864 1083 1940 qualos,

316 1959 451 2034 Colaque
465 1959 614 2034 prelorum
627 1958 750 2018 fumosis
766 1957 865 2034 deripe
880 1956 984 2030 tectis3

316 2053 388 2110 Huc
402 2071 472 2128 ager
485 2052 534 2111 ille
548 2053 643 2112 malus
658 2053 820 2128 dulcesque
835 2070 853 2111 a
866 2050 996 2111 fontibus
1010 2051 1108 2110 undae

315 2145 365 2204 Ad
379 2145 501 2221 plenum
516 2146 684 2220 calcentur;
704 2164 783 2222 aqua
796 2142 971 2205 eluctabitur
984 2142 1081 2203 omnis
1119 2184 1121 2197 .

315 2238 442 2312 Scilicet,
459 2248 489 2298 et
502 2239 628 2316 grandes
642 2238 727 2298 ibunt
743 2257 797 2315 per
809 2236 919 2296 vimina
932 2246 1051 2313 guttae;
1251 2263 1287 2300 24⁵

315 2335 357 2392 At
371 2352 458 2409 sapor
471 2331 613 2392 indicium
627 2332 716 2392 faciet
729 2330 910 2404 manifestus,
926 2339 955 2390 et
969 2348 1023 2390 ora

314 2426 423 2485 Tristia
436 2436 601 2485 tentantum
616 2445 706 2485 sensu
720 2424 870 2501 torquebit
884 2442 991 2484 amaro

314 2518 436 2595 Pinguis
450 2518 520 2579 item
535 2538 611 2595 quae
626 2518 665 2578 sit
678 2519 773 2592 tellus,
789 2518 847 2593 boc
861 2517 990 2593 denique
1003 2526 1094 2594 pacto

316 2611 484 2671 Discimus:
504 2613 584 2671 haud
598 2630 739 2687 umquam
753 2610 890 2670 manibus
902 2612 1012 2689 jactata
1025 2609 1141 2682 fatiscit,

217 2770 224 2783 ,
316 2704 375 2763 Sed
390 2703 464 2780 picis
478 2704 509 2763 in
523 2723 637 2764 morem
652 2705 690 2763 ad
705 2704 814 2780 digitos
828 2702 964 2763 lentescit
977 2702 1125 2763 habendo.
1250 2730 1288 2768 250

315 2796 451 2855 Humida
464 2799 593 2875 majores
606 2798 713 2857 herbas
728 2796 787 2870 alit,
803 2796 926 2873 ipsaque
938 2798 1020 2872 justo

314 2889 441 2948 Laetior.
486 2891 535 2948 Ah
549 2890 671 2950 nimium
686 2909 725 2951 ne
739 2890 777 2949 sit
791 2888 862 2949 mihi
876 2889 976 2949 fertilis
991 2888 1049 2962 illa,

315 2984 383 3040 Neu
399 3000 430 3041 se
444 2984 643 3059 praevalidam
657 2983 758 3061 primis
773 2983 910 3043 ostendat
924 2981 1035 3041 aristis!

314 3073 400 3147 Quae
414 3076 511 3153 gravis
524 3088 579 3152 est,
595 3078 662 3154 ipso
675 3078 796 3137 tacitam
811 3095 842 3135 se
856 3076 987 3153 pondere
1001 3074 1108 3151 prodit,

314 3166 459 3245 Quaeque
468 3171 549 3230 levis.
580 3174 753 3247 Promptum
763 3180 809 3230 est
817 3168 911 3231 oculis
919 3167 1102 3245 praediscere
1110 3167 1234 3243 nigram,
1249 3196 1286 3235 255

315 3261 354 3319 Et
367 3260 434 3336 quis
448 3262 496 3322 cui
509 3264 599 3323 color.
643 3267 685 3323 At
699 3265 874 3324 sceleratum
889 3261 1039 3337 exquirere
1053 3260 1143 3339 frigus

315 3351 443 3413 Difficile
458 3365 523 3415 est:
541 3356 644 3433 piceae
659 3367 772 3416 tantum
787 3355 905 3431 taxique
919 3365 1061 3415 nocentes
1138 3350 1142 3357 ’

315 3445 469 3506 Interdum
483 3459 534 3508 aut
547 3449 675 3509 hederae
689 3450 825 3526 pandunt
838 3448 962 3527 vestigia
975 3446 1081 3524 nigrae.

354 3537 415 3597 His
429 3541 650 3615 animaduersis,
666 3543 880 3602 tenanmnlto
895 3552 963 3601 aute
977 3548 1128 3599 memento

315 3630 489 3708 Excoquere
503 3643 534 3693 et
547 3654 670 3711 magnos
685 3635 841 3695 scrobibus
855 3633 1012 3695 concidere
1026 3642 1153 3705 montes,
1249 3648 1286 3685 ιω

314 3720 400 3784 Ante
415 3726 566 3803 supinatas
580 3726 711 3803 aquiloni
725 3728 883 3787 ostendere
897 3726 1026 3803 glaebae,

314 3818 414 3891 Quam
427 3818 538 3878 laetum
550 3817 678 3880 infodias
691 3819 759 3881 vitis
772 3838 874 3897 genus.
917 3818 1040 3895 Optima
1053 3816 1130 3895 putri
