<?xml version="1.0" encoding="UTF-8"?>
<!DOCTYPE html PUBLIC "-//W3C//DTD XHTML 1.0 Transitional//EN"
    "http://www.w3.org/TR/xhtml1/DTD/xhtml1-transitional.dtd">
<html xmlns="http://www.w3.org/1999/xhtml" xml:lang="en" lang="en">
 <head>
  <title>
</title>
<meta http-equiv="Content-Type" content="text/html;charset=utf-8" />
  <meta name='ocr-system' content='tesseract 3.04.00' />
  <meta name='ocr-capabilities' content='ocr_page ocr_carea ocr_par ocr_line ocrx_word'/>
</head>
<body>
  <div class='ocr_page' id='page_1' title='image "./selectionsfromo01virggoog_0017.png"; bbox 0 0 3017 4700; ppageno 0'>
   <div class='ocr_carea' id='block_1_1' title="bbox 576 437 907 482">
    <p class='ocr_par' dir='ltr' id='par_1_1' title="bbox 576 437 907 482">
     <span class='ocr_line' id='line_1_1' title="bbox 576 437 907 482; baseline 0.003 -1"><span class='ocrx_word' id='word_1_1' title='bbox 576 437 783 482; x_wconf 67' lang='lat' dir='ltr'>munitionen.</span> <span class='ocrx_word' id='word_1_2' title='bbox 806 437 864 482; x_wconf 76' lang='lat' dir='ltr'>Lis.</span> <span class='ocrx_word' id='word_1_3' title='bbox 887 437 907 482; x_wconf 77' lang='lat' dir='ltr'>l.</span> 
     </span>
    </p>
   </div>
   <div class='ocr_carea' id='block_1_2' title="bbox 184 581 1226 3908">
    <p class='ocr_par' dir='ltr' id='par_1_2' title="bbox 184 581 1226 3908">
     <span class='ocr_line' id='line_1_2' title="bbox 262 581 944 660; baseline -0.003 -16"><span class='ocrx_word' id='word_1_4' title='bbox 262 585 425 660; x_wconf 84' lang='lat' dir='ltr'>Coeperat3</span> <span class='ocrx_word' id='word_1_5' title='bbox 445 581 545 642; x_wconf 75' lang='lat' dir='ltr'><strong>initiet</strong></span> <span class='ocrx_word' id='word_1_6' title='bbox 558 582 654 659; x_wconf 88' lang='lat' dir='ltr'>primo</span> <span class='ocrx_word' id='word_1_7' title='bbox 668 583 717 660; x_wconf 90' lang='lat' dir='ltr'>pia</span> <span class='ocrx_word' id='word_1_8' title='bbox 730 591 801 642; x_wconf 89' lang='lat' dir='ltr'>vota</span> <span class='ocrx_word' id='word_1_9' title='bbox 814 585 944 660; x_wconf 86' lang='lat' dir='ltr'>Lycaon,</span> 
     </span>
     <span class='ocr_line' id='line_1_3' title="bbox 261 673 1032 753; baseline 0.004 -20"><span class='ocrx_word' id='word_1_10' title='bbox 261 677 336 735; x_wconf 84' lang='lat' dir='ltr'>Mox</span> <span class='ocrx_word' id='word_1_11' title='bbox 349 674 397 748; x_wconf 89' lang='lat' dir='ltr'>ait,</span> <span class='ocrx_word' id='word_1_12' title='bbox 415 673 563 750; x_wconf 87' lang='lat' dir='ltr'>Experiar,</span> <span class='ocrx_word' id='word_1_13' title='bbox 579 673 652 734; x_wconf 90' lang='lat' dir='ltr'>deus</span> <span class='ocrx_word' id='word_1_14' title='bbox 666 675 722 748; x_wconf 89' lang='lat' dir='ltr'>hic,</span> <span class='ocrx_word' id='word_1_15' title='bbox 738 674 907 735; x_wconf 84' lang='lat' dir='ltr'>discrimine</span> <span class='ocrx_word' id='word_1_16' title='bbox 921 686 1032 753; x_wconf 90' lang='lat' dir='ltr'>aperto,</span> 
     </span>
     <span class='ocr_line' id='line_1_4' title="bbox 259 766 949 840; baseline 0 -14"><span class='ocrx_word' id='word_1_17' title='bbox 259 769 308 826; x_wconf 89' lang='lat' dir='ltr'>An</span> <span class='ocrx_word' id='word_1_18' title='bbox 322 767 359 827; x_wconf 90' lang='lat' dir='ltr'>sit</span> <span class='ocrx_word' id='word_1_19' title='bbox 373 766 511 840; x_wconf 82' lang='lat' dir='ltr'>mortalis,</span> <span class='ocrx_word' id='word_1_20' title='bbox 526 785 583 826; x_wconf 90' lang='lat' dir='ltr'>nee</span> <span class='ocrx_word' id='word_1_21' title='bbox 597 767 650 826; x_wconf 89' lang='lat' dir='ltr'>erit</span> <span class='ocrx_word' id='word_1_22' title='bbox 665 766 827 827; x_wconf 77' lang='lat' dir='ltr'>dubitabile</span> <span class='ocrx_word' id='word_1_23' title='bbox 840 787 949 828; x_wconf 87' lang='lat' dir='ltr'>verum.</span> 
     </span>
     <span class='ocr_line' id='line_1_5' title="bbox 261 859 1028 936; baseline 0.005 -18"><span class='ocrx_word' id='word_1_24' title='bbox 261 862 357 920; x_wconf 88' lang='lat' dir='ltr'><strong>Nocte</strong></span> <span class='ocrx_word' id='word_1_25' title='bbox 370 879 489 936; x_wconf 81' lang='lat' dir='ltr'>gravem</span> <span class='ocrx_word' id='word_1_26' title='bbox 503 877 608 918; x_wconf 89' lang='lat' dir='ltr'>somno</span> <span class='ocrx_word' id='word_1_27' title='bbox 623 877 679 924; x_wconf 91' lang='lat' dir='ltr'>nec</span> <span class='ocrx_word' id='word_1_28' title='bbox 691 859 784 936; x_wconf 89' lang='lat' dir='ltr'>opina</span> <span class='ocrx_word' id='word_1_29' title='bbox 796 861 919 936; x_wconf 81' lang='lat' dir='ltr'>perdere</span> <span class='ocrx_word' id='word_1_30' title='bbox 932 871 1028 922; x_wconf 87' lang='lat' dir='ltr'>morte</span> 
     </span>
     <span class='ocr_line' id='line_1_6' title="bbox 211 951 1225 1050; baseline -0.001 -39"><span class='ocrx_word' id='word_1_31' title='bbox 211 985 214 989; x_wconf 93' lang='lat'>·</span> <span class='ocrx_word' id='word_1_32' title='bbox 260 955 313 1013; x_wconf 89' lang='lat' dir='ltr'>Me</span> <span class='ocrx_word' id='word_1_33' title='bbox 327 963 410 1030; x_wconf 89' lang='lat' dir='ltr'>parat</span> <span class='ocrx_word' id='word_1_34' title='bbox 448 952 522 1012; x_wconf 88' lang='lat' dir='ltr'>haec</span> <span class='ocrx_word' id='word_1_35' title='bbox 536 951 577 1010; x_wconf 93' lang='lat' dir='ltr'>illi</span> <span class='ocrx_word' id='word_1_36' title='bbox 591 954 689 1028; x_wconf 87' lang='lat' dir='ltr'>placet</span> <span class='ocrx_word' id='word_1_37' title='bbox 704 952 883 1029; x_wconf 76' lang='lat' dir='ltr'>experientia</span> <span class='ocrx_word' id='word_1_38' title='bbox 896 953 963 1012; x_wconf 86' lang='lat' dir='ltr'>veri</span> <span class='ocrx_word' id='word_1_39' title='bbox 974 962 989 1050; x_wconf 69' lang='lat' dir='ltr'><em>J</em></span> <span class='ocrx_word' id='word_1_40' title='bbox 1187 981 1225 1020; x_wconf 60' lang='grc' dir='ltr'>ης</span> 
     </span>
     <span class='ocr_line' id='line_1_7' title="bbox 184 1044 956 1121; baseline 0 -17"><span class='ocrx_word' id='word_1_41' title='bbox 184 1091 186 1097; x_wconf 20' lang='grc' dir='ltr'>ι</span> <span class='ocrx_word' id='word_1_42' title='bbox 260 1047 325 1104; x_wconf 87' lang='lat' dir='ltr'>Nee</span> <span class='ocrx_word' id='word_1_43' title='bbox 338 1055 494 1105; x_wconf 89' lang='lat' dir='ltr'>contentus</span> <span class='ocrx_word' id='word_1_44' title='bbox 509 1063 554 1118; x_wconf 91' lang='lat' dir='ltr'>eo,</span> <span class='ocrx_word' id='word_1_45' title='bbox 570 1044 651 1104; x_wconf 89' lang='lat' dir='ltr'>missi</span> <span class='ocrx_word' id='word_1_46' title='bbox 665 1045 703 1104; x_wconf 92' lang='lat' dir='ltr'>de</span> <span class='ocrx_word' id='word_1_47' title='bbox 717 1054 805 1121; x_wconf 84' lang='lat' dir='ltr'>gente</span> <span class='ocrx_word' id='word_1_48' title='bbox 820 1047 956 1105; x_wconf 87' lang='lat' dir='ltr'>Molossa</span> 
     </span>
     <span class='ocr_line' id='line_1_8' title="bbox 259 1137 918 1214; baseline 0 -17"><span class='ocrx_word' id='word_1_49' title='bbox 259 1137 379 1198; x_wconf 92' lang='lat' dir='ltr'>Obsidis</span> <span class='ocrx_word' id='word_1_50' title='bbox 392 1137 478 1196; x_wconf 88' lang='lat' dir='ltr'>unius</span> <span class='ocrx_word' id='word_1_51' title='bbox 491 1138 623 1214; x_wconf 85' lang='lat' dir='ltr'>jugulum</span> <span class='ocrx_word' id='word_1_52' title='bbox 638 1155 779 1197; x_wconf 89' lang='lat' dir='ltr'>mucrone</span> <span class='ocrx_word' id='word_1_53' title='bbox 791 1137 918 1211; x_wconf 86' lang='lat' dir='ltr'>resolvit,</span> 
     </span>
     <span class='ocr_line' id='line_1_9' title="bbox 259 1229 995 1306; baseline 0.003 -18"><span class='ocrx_word' id='word_1_54' title='bbox 259 1233 357 1306; x_wconf 92' lang='lat' dir='ltr'>Atque</span> <span class='ocrx_word' id='word_1_55' title='bbox 371 1229 413 1290; x_wconf 89' lang='lat' dir='ltr'>ita</span> <span class='ocrx_word' id='word_1_56' title='bbox 426 1229 588 1290; x_wconf 89' lang='lat' dir='ltr'>semineces</span> <span class='ocrx_word' id='word_1_57' title='bbox 602 1229 708 1306; x_wconf 87' lang='lat' dir='ltr'>partim</span> <span class='ocrx_word' id='word_1_58' title='bbox 721 1229 902 1290; x_wconf 77' lang='lat' dir='ltr'>ferventibus</span> <span class='ocrx_word' id='word_1_59' title='bbox 916 1241 995 1290; x_wconf 86' lang='lat' dir='ltr'>artus</span> 
     </span>
     <span class='ocr_line' id='line_1_10' title="bbox 259 1322 923 1400; baseline 0.002 -18"><span class='ocrx_word' id='word_1_60' title='bbox 259 1323 358 1382; x_wconf 87' lang='lat' dir='ltr'>Mollit</span> <span class='ocrx_word' id='word_1_61' title='bbox 372 1322 455 1400; x_wconf 92' lang='lat' dir='ltr'>aquis</span> <span class='ocrx_word' id='word_1_62' title='bbox 469 1322 576 1400; x_wconf 86' lang='lat' dir='ltr'>partim</span> <span class='ocrx_word' id='word_1_63' title='bbox 590 1323 725 1400; x_wconf 85' lang='lat' dir='ltr'>subjecto</span> <span class='ocrx_word' id='word_1_64' title='bbox 736 1323 842 1382; x_wconf 89' lang='lat' dir='ltr'>torruit</span> <span class='ocrx_word' id='word_1_65' title='bbox 854 1323 923 1400; x_wconf 83' lang='lat' dir='ltr'>igni.</span> 
     </span>
     <span class='ocr_line' id='line_1_11' title="bbox 258 1415 1226 1492; baseline 0.005 -17"><span class='ocrx_word' id='word_1_66' title='bbox 258 1417 341 1490; x_wconf 90' lang='lat' dir='ltr'>Quos</span> <span class='ocrx_word' id='word_1_67' title='bbox 355 1415 440 1475; x_wconf 89' lang='lat' dir='ltr'>simul</span> <span class='ocrx_word' id='word_1_68' title='bbox 455 1415 594 1492; x_wconf 88' lang='lat' dir='ltr'>imposuit</span> <span class='ocrx_word' id='word_1_69' title='bbox 607 1415 725 1490; x_wconf 84' lang='lat' dir='ltr'>mensis,</span> <span class='ocrx_word' id='word_1_70' title='bbox 740 1434 798 1492; x_wconf 86' lang='lat' dir='ltr'>ego</span> <span class='ocrx_word' id='word_1_71' title='bbox 811 1415 929 1476; x_wconf 90' lang='lat' dir='ltr'>vindice</span> <span class='ocrx_word' id='word_1_72' title='bbox 942 1416 1063 1476; x_wconf 86' lang='lat' dir='ltr'>flamma</span> <span class='ocrx_word' id='word_1_73' title='bbox 1187 1442 1226 1480; x_wconf 78' lang='lat'>²30</span> 
     </span>
     <span class='ocr_line' id='line_1_12' title="bbox 259 1508 986 1586; baseline 0.004 -20"><span class='ocrx_word' id='word_1_74' title='bbox 259 1510 295 1566; x_wconf 88' lang='lat' dir='ltr'>In</span> <span class='ocrx_word' id='word_1_75' title='bbox 310 1508 462 1569; x_wconf 89' lang='lat' dir='ltr'>dominum</span> <span class='ocrx_word' id='word_1_76' title='bbox 477 1508 641 1586; x_wconf 85' lang='lat' dir='ltr'>dignosque</span> <span class='ocrx_word' id='word_1_77' title='bbox 655 1509 745 1569; x_wconf 88' lang='lat' dir='ltr'>everti</span> <span class='ocrx_word' id='word_1_78' title='bbox 760 1517 839 1568; x_wconf 89' lang='lat' dir='ltr'>tecta</span> <span class='ocrx_word' id='word_1_79' title='bbox 853 1511 986 1569; x_wconf 87' lang='lat' dir='ltr'>Penates.</span> 
     </span>
     <span class='ocr_line' id='line_1_13' title="bbox 258 1600 954 1684; baseline 0.001 -25"><span class='ocrx_word' id='word_1_80' title='bbox 258 1601 387 1661; x_wconf 88' lang='lat' dir='ltr'>Territus</span> <span class='ocrx_word' id='word_1_81' title='bbox 401 1600 464 1679; x_wconf 91' lang='lat' dir='ltr'>ipse</span> <span class='ocrx_word' id='word_1_82' title='bbox 479 1601 565 1684; x_wconf 81' lang='lat' dir='ltr'>fugit,</span> <span class='ocrx_word' id='word_1_83' title='bbox 574 1611 737 1679; x_wconf 83' lang='lat' dir='ltr'>nactrrsque</span> <span class='ocrx_word' id='word_1_84' title='bbox 752 1601 867 1661; x_wconf 89' lang='lat' dir='ltr'>silentia</span> <span class='ocrx_word' id='word_1_85' title='bbox 880 1601 954 1661; x_wconf 87' lang='lat' dir='ltr'>ruris</span> 
     </span>
     <span class='ocr_line' id='line_1_14' title="bbox 260 1694 1033 1773; baseline 0.001 -21"><span class='ocrx_word' id='word_1_86' title='bbox 260 1695 400 1754; x_wconf 84' lang='lat' dir='ltr'>Exululat·</span> <span class='ocrx_word' id='word_1_87' title='bbox 410 1695 572 1771; x_wconf 83' lang='lat' dir='ltr'>frustraque</span> <span class='ocrx_word' id='word_1_88' title='bbox 586 1694 667 1771; x_wconf 94' lang='lat' dir='ltr'>loqui</span> <span class='ocrx_word' id='word_1_89' title='bbox 681 1705 822 1755; x_wconf 90' lang='lat' dir='ltr'>conatur:</span> <span class='ocrx_word' id='word_1_90' title='bbox 843 1695 882 1754; x_wconf 90' lang='lat' dir='ltr'>ab</span> <span class='ocrx_word' id='word_1_91' title='bbox 896 1694 962 1772; x_wconf 90' lang='lat' dir='ltr'>ipso</span> <span class='ocrx_word' id='word_1_92' title='bbox 1025 1754 1033 1773; x_wconf 58' lang='lat'>‚</span> 
     </span>
     <span class='ocr_line' id='line_1_15' title="bbox 258 1786 1004 1865; baseline 0 -18"><span class='ocrx_word' id='word_1_93' title='bbox 258 1786 377 1864; x_wconf 86' lang='lat' dir='ltr'>Colligit</span> <span class='ocrx_word' id='word_1_94' title='bbox 391 1806 425 1847; x_wconf 93' lang='lat' dir='ltr'>os</span> <span class='ocrx_word' id='word_1_95' title='bbox 438 1787 558 1861; x_wconf 88' lang='lat' dir='ltr'>rabiem,</span> <span class='ocrx_word' id='word_1_96' title='bbox 574 1787 736 1865; x_wconf 87' lang='lat' dir='ltr'>solitaeque</span> <span class='ocrx_word' id='word_1_97' title='bbox 750 1786 890 1864; x_wconf 87' lang='lat' dir='ltr'>cupidine</span> <span class='ocrx_word' id='word_1_98' title='bbox 903 1786 1004 1847; x_wconf 80' lang='lat' dir='ltr'>caedis</span> 
     </span>
     <span class='ocr_line' id='line_1_16' title="bbox 257 1871 1223 1958; baseline 0.005 -20"><span class='ocrx_word' id='word_1_99' title='bbox 257 1879 386 1939; x_wconf 87' lang='lat' dir='ltr'>Vertitur</span> <span class='ocrx_word' id='word_1_100' title='bbox 399 1879 429 1938; x_wconf 91' lang='lat' dir='ltr'>in</span> <span class='ocrx_word' id='word_1_101' title='bbox 444 1880 593 1956; x_wconf 82' lang='lat' dir='ltr'>pecudes·;</span> <span class='ocrx_word' id='word_1_102' title='bbox 613 1891 643 1940; x_wconf 84' lang='lat' dir='ltr'>et</span> <span class='ocrx_word' id='word_1_103' title='bbox 656 1899 735 1941; x_wconf 90' lang='lat' dir='ltr'>nunc</span> <span class='ocrx_word' id='word_1_104' title='bbox 749 1899 870 1958; x_wconf 92' lang='lat' dir='ltr'>quoque</span> <span class='ocrx_word' id='word_1_105' title='bbox 884 1871 1026 1958; x_wconf 82' lang='lat' dir='ltr'>sunguine</span> <span class='ocrx_word' id='word_1_106' title='bbox 1039 1877 1155 1957; x_wconf 81' lang='lat' dir='ltr'>gaudet</span> <span class='ocrx_word' id='word_1_107' title='bbox 1186 1903 1223 1943; x_wconf 70' lang='lat' dir='ltr'>aas</span> 
     </span>
     <span class='ocr_line' id='line_1_17' title="bbox 259 1971 914 2047; baseline 0.005 -17"><span class='ocrx_word' id='word_1_108' title='bbox 259 1974 296 2030; x_wconf 93' lang='lat' dir='ltr'>In</span> <span class='ocrx_word' id='word_1_109' title='bbox 309 1971 393 2031; x_wconf 89' lang='lat' dir='ltr'>villos</span> <span class='ocrx_word' id='word_1_110' title='bbox 408 1974 518 2032; x_wconf 89' lang='lat' dir='ltr'>abeunt</span> <span class='ocrx_word' id='word_1_111' title='bbox 531 1983 635 2046; x_wconf 89' lang='lat' dir='ltr'>vestes,</span> <span class='ocrx_word' id='word_1_112' title='bbox 651 1972 682 2032; x_wconf 91' lang='lat' dir='ltr'>in</span> <span class='ocrx_word' id='word_1_113' title='bbox 696 1993 781 2034; x_wconf 87' lang='lat' dir='ltr'>crura</span> <span class='ocrx_word' id='word_1_114' title='bbox 794 1973 894 2033; x_wconf 85' lang='lat' dir='ltr'>lacerti</span> <span class='ocrx_word' id='word_1_115' title='bbox 904 1995 914 2047; x_wconf 78' lang='lat'>3</span> 
     </span>
     <span class='ocr_line' id='line_1_18' title="bbox 259 2064 964 2142; baseline 0.003 -19"><span class='ocrx_word' id='word_1_116' title='bbox 259 2065 306 2124; x_wconf 88' lang='lat' dir='ltr'>Fit</span> <span class='ocrx_word' id='word_1_117' title='bbox 320 2066 413 2142; x_wconf 93' lang='lat' dir='ltr'>lupus,</span> <span class='ocrx_word' id='word_1_118' title='bbox 429 2076 459 2124; x_wconf 93' lang='lat' dir='ltr'>et</span> <span class='ocrx_word' id='word_1_119' title='bbox 471 2064 577 2124; x_wconf 87' lang='lat' dir='ltr'>veteris</span> <span class='ocrx_word' id='word_1_120' title='bbox 592 2076 687 2125; x_wconf 91' lang='lat' dir='ltr'>servat</span> <span class='ocrx_word' id='word_1_121' title='bbox 700 2066 823 2142; x_wconf 86' lang='lat' dir='ltr'>vestigia</span> <span class='ocrx_word' id='word_1_122' title='bbox 835 2067 945 2126; x_wconf 79' lang='lat' dir='ltr'>formae</span> <span class='ocrx_word' id='word_1_123' title='bbox 957 2089 964 2125; x_wconf 93' lang='lat'><strong>:</strong></span> 
     </span>
     <span class='ocr_line' id='line_1_19' title="bbox 258 2157 967 2232; baseline 0 -14"><span class='ocrx_word' id='word_1_124' title='bbox 258 2157 389 2224; x_wconf 83' lang='lat' dir='ltr'>Canities</span> <span class='ocrx_word' id='word_1_125' title='bbox 403 2158 506 2218; x_wconf 89' lang='lat' dir='ltr'>eadem</span> <span class='ocrx_word' id='word_1_126' title='bbox 521 2168 574 2231; x_wconf 92' lang='lat' dir='ltr'>est,</span> <span class='ocrx_word' id='word_1_127' title='bbox 590 2159 694 2218; x_wconf 88' lang='lat' dir='ltr'>eadem</span> <span class='ocrx_word' id='word_1_128' title='bbox 708 2157 849 2218; x_wconf 89' lang='lat' dir='ltr'>violentia</span> <span class='ocrx_word' id='word_1_129' title='bbox 862 2159 967 2232; x_wconf 89' lang='lat' dir='ltr'>vultus,</span> 
     </span>
     <span class='ocr_line' id='line_1_20' title="bbox 258 2250 931 2328; baseline 0 -19"><span class='ocrx_word' id='word_1_130' title='bbox 258 2251 344 2310; x_wconf 91' lang='lat' dir='ltr'>Idem</span> <span class='ocrx_word' id='word_1_131' title='bbox 358 2250 435 2310; x_wconf 90' lang='lat' dir='ltr'>oculi</span> <span class='ocrx_word' id='word_1_132' title='bbox 449 2250 556 2325; x_wconf 89' lang='lat' dir='ltr'>lucent,</span> <span class='ocrx_word' id='word_1_133' title='bbox 572 2251 676 2311; x_wconf 86' lang='lat' dir='ltr'>eadem</span> <span class='ocrx_word' id='word_1_134' title='bbox 690 2251 812 2311; x_wconf 83' lang='lat' dir='ltr'>feritatis</span> <span class='ocrx_word' id='word_1_135' title='bbox 826 2251 931 2328; x_wconf 82' lang='lat' dir='ltr'>imago.</span> 
     </span>
     <span class='ocr_line' id='line_1_21' title="bbox 258 2342 1222 2421; baseline -0.001 -17"><span class='ocrx_word' id='word_1_136' title='bbox 258 2343 374 2405; x_wconf 90' lang='lat' dir='ltr'>Occidit</span> <span class='ocrx_word' id='word_1_137' title='bbox 387 2364 446 2404; x_wconf 88' lang='lat' dir='ltr'>una</span> <span class='ocrx_word' id='word_1_138' title='bbox 460 2344 586 2419; x_wconf 82' lang='lat' dir='ltr'>domus3</span> <span class='ocrx_word' id='word_1_139' title='bbox 607 2343 659 2405; x_wconf 81' lang='lat' dir='ltr'>sed</span> <span class='ocrx_word' id='word_1_140' title='bbox 673 2364 734 2404; x_wconf 90' lang='lat' dir='ltr'>non</span> <span class='ocrx_word' id='word_1_141' title='bbox 749 2345 855 2405; x_wconf 91' lang='lat' dir='ltr'>domus</span> <span class='ocrx_word' id='word_1_142' title='bbox 869 2364 928 2404; x_wconf 90' lang='lat' dir='ltr'>una</span> <span class='ocrx_word' id='word_1_143' title='bbox 941 2342 1036 2421; x_wconf 88' lang='lat' dir='ltr'>perire</span> <span class='ocrx_word' id='word_1_144' title='bbox 1185 2375 1222 2414; x_wconf 59' lang='grc' dir='ltr'>ιφ</span> 
     </span>
     <span class='ocr_line' id='line_1_22' title="bbox 257 2436 1055 2517; baseline 0.001 -22"><span class='ocrx_word' id='word_1_145' title='bbox 257 2436 355 2514; x_wconf 87' lang='lat' dir='ltr'>Digna</span> <span class='ocrx_word' id='word_1_146' title='bbox 368 2436 439 2497; x_wconf 83' lang='lat' dir='ltr'>luit:</span> <span class='ocrx_word' id='word_1_147' title='bbox 453 2456 512 2514; x_wconf 87' lang='lat' dir='ltr'>qua</span> <span class='ocrx_word' id='word_1_148' title='bbox 525 2449 600 2498; x_wconf 84' lang='lat' dir='ltr'>terra</span> <span class='ocrx_word' id='word_1_149' title='bbox 613 2448 703 2515; x_wconf 90' lang='lat' dir='ltr'>patet,</span> <span class='ocrx_word' id='word_1_150' title='bbox 718 2438 780 2497; x_wconf 86' lang='lat' dir='ltr'>fera</span> <span class='ocrx_word' id='word_1_151' title='bbox 793 2450 896 2515; x_wconf 84' lang='lat' dir='ltr'>regnat</span> <span class='ocrx_word' id='word_1_152' title='bbox 910 2438 1055 2517; x_wconf 83' lang='lat' dir='ltr'>Erinnys3</span> 
     </span>
     <span class='ocr_line' id='line_1_23' title="bbox 256 2530 998 2607; baseline 0.003 -18"><span class='ocrx_word' id='word_1_153' title='bbox 256 2532 294 2589; x_wconf 93' lang='lat' dir='ltr'>In</span> <span class='ocrx_word' id='word_1_154' title='bbox 304 2530 417 2590; x_wconf 85' lang='lat' dir='ltr'>facinus</span> <span class='ocrx_word' id='word_1_155' title='bbox 430 2532 541 2607; x_wconf 88' lang='lat' dir='ltr'>jurasse</span> <span class='ocrx_word' id='word_1_156' title='bbox 555 2541 649 2607; x_wconf 90' lang='lat' dir='ltr'>putes.</span> <span class='ocrx_word' id='word_1_157' title='bbox 693 2532 774 2590; x_wconf 88' lang='lat' dir='ltr'>Dent</span> <span class='ocrx_word' id='word_1_158' title='bbox 788 2531 871 2591; x_wconf 88' lang='lat' dir='ltr'>ocius</span> <span class='ocrx_word' id='word_1_159' title='bbox 886 2549 998 2605; x_wconf 85' lang='lat' dir='ltr'>omnes,</span> 
     </span>
     <span class='ocr_line' id='line_1_24' title="bbox 255 2622 1175 2701; baseline -0.004 -18"><span class='ocrx_word' id='word_1_160' title='bbox 255 2625 337 2698; x_wconf 88' lang='lat' dir='ltr'>Quas</span> <span class='ocrx_word' id='word_1_161' title='bbox 351 2642 482 2683; x_wconf 87' lang='lat' dir='ltr'>meruere</span> <span class='ocrx_word' id='word_1_162' title='bbox 495 2623 605 2699; x_wconf 88' lang='lat' dir='ltr'>pati-</span> <span class='ocrx_word' id='word_1_163' title='bbox 615 2622 657 2682; x_wconf 92' lang='lat' dir='ltr'>sic</span> <span class='ocrx_word' id='word_1_164' title='bbox 672 2632 729 2683; x_wconf 84' lang='lat' dir='ltr'>stat</span> <span class='ocrx_word' id='word_1_165' title='bbox 743 2623 1085 2701; x_wconf 55' lang='lat' dir='ltr'>sententia—poenas,</span> <span class='ocrx_word' id='word_1_166' title='bbox 1172 2675 1175 2679; x_wconf 86' lang='lat'><em>.</em></span> 
     </span>
     <span class='ocr_line' id='line_1_25' title="bbox 256 2714 1102 2804; baseline 0.002 -29"><span class='ocrx_word' id='word_1_167' title='bbox 256 2716 345 2776; x_wconf 90' lang='lat' dir='ltr'>Dicta</span> <span class='ocrx_word' id='word_1_168' title='bbox 355 2715 441 2801; x_wconf 72' lang='lat' dir='ltr'>Jotis</span> <span class='ocrx_word' id='word_1_169' title='bbox 454 2735 521 2794; x_wconf 89' lang='lat' dir='ltr'>pars</span> <span class='ocrx_word' id='word_1_170' title='bbox 532 2734 605 2775; x_wconf 87' lang='lat' dir='ltr'>voce</span> <span class='ocrx_word' id='word_1_171' title='bbox 619 2716 747 2793; x_wconf 90' lang='lat' dir='ltr'>probant</span> <span class='ocrx_word' id='word_1_172' title='bbox 761 2717 953 2804; x_wconf 86' lang='lat' dir='ltr'>stimulosque</span> <span class='ocrx_word' id='word_1_173' title='bbox 968 2714 1102 2777; x_wconf 87' lang='lat' dir='ltr'>frementi</span> 
     </span>
     <span class='ocr_line' id='line_1_26' title="bbox 255 2808 1221 2887; baseline 0.006 -20"><span class='ocrx_word' id='word_1_174' title='bbox 255 2809 427 2885; x_wconf 78' lang='lat' dir='ltr'>Adjiciunt3</span> <span class='ocrx_word' id='word_1_175' title='bbox 447 2808 496 2867; x_wconf 90' lang='lat' dir='ltr'>alii</span> <span class='ocrx_word' id='word_1_176' title='bbox 510 2818 608 2885; x_wconf 85' lang='lat' dir='ltr'>partes</span> <span class='ocrx_word' id='word_1_177' title='bbox 622 2808 789 2871; x_wconf 89' lang='lat' dir='ltr'>assensibus</span> <span class='ocrx_word' id='word_1_178' title='bbox 803 2808 934 2887; x_wconf 84' lang='lat' dir='ltr'>implent</span> <span class='ocrx_word' id='word_1_179' title='bbox 1183 2834 1221 2873; x_wconf 76' lang='lat'>24⁵</span> 
     </span>
     <span class='ocr_line' id='line_1_27' title="bbox 256 2893 919 2979; baseline 0.003 -19"><span class='ocrx_word' id='word_1_180' title='bbox 256 2904 308 2960; x_wconf 90' lang='lat' dir='ltr'>Est</span> <span class='ocrx_word' id='word_1_181' title='bbox 323 2913 423 2961; x_wconf 84' lang='lat' dir='ltr'>tamen</span> <span class='ocrx_word' id='word_1_182' title='bbox 434 2893 557 2961; x_wconf 86' lang='lat' dir='ltr'>humani</span> <span class='ocrx_word' id='word_1_183' title='bbox 571 2901 685 2979; x_wconf 80' lang='lat' dir='ltr'>generis</span> <span class='ocrx_word' id='word_1_184' title='bbox 697 2904 810 2979; x_wconf 83' lang='lat' dir='ltr'>jactura</span> <span class='ocrx_word' id='word_1_185' title='bbox 824 2902 919 2962; x_wconf 91' lang='lat' dir='ltr'>dolori</span> 
     </span>
     <span class='ocr_line' id='line_1_28' title="bbox 254 2987 1017 3075; baseline 0 -20"><span class='ocrx_word' id='word_1_186' title='bbox 254 2994 409 3069; x_wconf 82' lang='lat' dir='ltr'>Omnibus,</span> <span class='ocrx_word' id='word_1_187' title='bbox 418 2987 464 3069; x_wconf 69' lang='lat' dir='ltr'>iet,</span> <span class='ocrx_word' id='word_1_188' title='bbox 481 2994 609 3072; x_wconf 80' lang='lat' dir='ltr'>quaesit</span> <span class='ocrx_word' id='word_1_189' title='bbox 622 3000 715 3075; x_wconf 77' lang='lat' dir='ltr'>terrae</span> <span class='ocrx_word' id='word_1_190' title='bbox 729 2995 1017 3055; x_wconf 72' lang='lat' dir='ltr'>mortalibusorbae.</span> 
     </span>
     <span class='ocr_line' id='line_1_29' title="bbox 253 3087 992 3172; baseline 0.003 -27"><span class='ocrx_word' id='word_1_191' title='bbox 253 3088 363 3147; x_wconf 87' lang='lat' dir='ltr'>Forma</span> <span class='ocrx_word' id='word_1_192' title='bbox 376 3088 478 3160; x_wconf 85' lang='lat' dir='ltr'>lutura,</span> <span class='ocrx_word' id='word_1_193' title='bbox 494 3097 618 3168; x_wconf 84' lang='lat' dir='ltr'>rogant3</span> <span class='ocrx_word' id='word_1_194' title='bbox 631 3087 696 3166; x_wconf 92' lang='lat' dir='ltr'>quis</span> <span class='ocrx_word' id='word_1_195' title='bbox 708 3087 745 3147; x_wconf 92' lang='lat' dir='ltr'>sit</span> <span class='ocrx_word' id='word_1_196' title='bbox 759 3089 869 3164; x_wconf 83' lang='lat' dir='ltr'>laturus</span> <span class='ocrx_word' id='word_1_197' title='bbox 882 3088 916 3172; x_wconf 83' lang='lat' dir='ltr'>in</span> <span class='ocrx_word' id='word_1_198' title='bbox 927 3107 992 3147; x_wconf 87' lang='lat' dir='ltr'>aras</span> 
     </span>
     <span class='ocr_line' id='line_1_30' title="bbox 252 3179 1028 3257; baseline 0.003 -18"><span class='ocrx_word' id='word_1_199' title='bbox 252 3180 352 3240; x_wconf 86' lang='lat' dir='ltr'>Tura?</span> <span class='ocrx_word' id='word_1_200' title='bbox 371 3179 477 3239; x_wconf 89' lang='lat' dir='ltr'>ferisne</span> <span class='ocrx_word' id='word_1_201' title='bbox 491 3190 574 3257; x_wconf 87' lang='lat' dir='ltr'>paret</span> <span class='ocrx_word' id='word_1_202' title='bbox 588 3182 774 3257; x_wconf 86' lang='lat' dir='ltr'>populandas</span> <span class='ocrx_word' id='word_1_203' title='bbox 785 3182 1028 3241; x_wconf 77' lang='lat' dir='ltr'>&#39;tradereterrasi</span> 
     </span>
     <span class='ocr_line' id='line_1_31' title="bbox 252 3272 1221 3349; baseline -0.001 -19"><span class='ocrx_word' id='word_1_204' title='bbox 252 3272 337 3332; x_wconf 86' lang='lat' dir='ltr'>Talia</span> <span class='ocrx_word' id='word_1_205' title='bbox 350 3272 732 3349; x_wconf 77' lang='lat' dir='ltr'>quaerentes-sibi&#39;enim</span> <span class='ocrx_word' id='word_1_206' title='bbox 746 3273 808 3333; x_wconf 84' lang='lat' dir='ltr'>sore</span> <span class='ocrx_word' id='word_1_207' title='bbox 822 3285 921 3334; x_wconf 88' lang='lat' dir='ltr'>cetera</span> <span class='ocrx_word' id='word_1_208' title='bbox 934 3292 1070 3334; x_wconf 83' lang='lat' dir='ltr'>eurae—</span> <span class='ocrx_word' id='word_1_209' title='bbox 1182 3302 1221 3341; x_wconf 79' lang='lat'>250</span> 
     </span>
     <span class='ocr_line' id='line_1_32' title="bbox 253 3364 1044 3443; baseline 0.003 -20"><span class='ocrx_word' id='word_1_210' title='bbox 253 3367 320 3424; x_wconf 83' lang='lat' dir='ltr'>Rex</span> <span class='ocrx_word' id='word_1_211' title='bbox 334 3383 471 3442; x_wconf 91' lang='lat' dir='ltr'>superum</span> <span class='ocrx_word' id='word_1_212' title='bbox 486 3364 631 3441; x_wconf 87' lang='lat' dir='ltr'>trepidare</span> <span class='ocrx_word' id='word_1_213' title='bbox 645 3376 732 3439; x_wconf 85' lang='lat' dir='ltr'>vetat,</span> <span class='ocrx_word' id='word_1_214' title='bbox 748 3367 942 3443; x_wconf 88' lang='lat' dir='ltr'>sobolemque</span> <span class='ocrx_word' id='word_1_215' title='bbox 954 3366 1044 3443; x_wconf 90' lang='lat' dir='ltr'>priori</span> 
     </span>
     <span class='ocr_line' id='line_1_33' title="bbox 252 3456 936 3536; baseline 0.006 -20"><span class='ocrx_word' id='word_1_216' title='bbox 252 3456 432 3517; x_wconf 91' lang='lat' dir='ltr'>Dissimilem</span> <span class='ocrx_word' id='word_1_217' title='bbox 447 3459 559 3536; x_wconf 92' lang='lat' dir='ltr'>populo</span> <span class='ocrx_word' id='word_1_218' title='bbox 574 3458 716 3536; x_wconf 89' lang='lat' dir='ltr'>promittit</span> <span class='ocrx_word' id='word_1_219' title='bbox 730 3458 843 3536; x_wconf 83' lang='lat' dir='ltr'>origine</span> <span class='ocrx_word' id='word_1_220' title='bbox 855 3458 936 3519; x_wconf 86' lang='lat' dir='ltr'>mira.</span> 
     </span>
     <span class='ocr_line' id='line_1_34' title="bbox 250 3550 1012 3629; baseline 0.008 -20"><span class='ocrx_word' id='word_1_221' title='bbox 250 3552 377 3627; x_wconf 88' lang='lat' dir='ltr'>Jamque</span> <span class='ocrx_word' id='word_1_222' title='bbox 392 3562 454 3611; x_wconf 87' lang='lat' dir='ltr'>erat</span> <span class='ocrx_word' id='word_1_223' title='bbox 468 3551 498 3611; x_wconf 91' lang='lat' dir='ltr'>in</span> <span class='ocrx_word' id='word_1_224' title='bbox 513 3563 590 3612; x_wconf 86' lang='lat' dir='ltr'>totas</span> <span class='ocrx_word' id='word_1_225' title='bbox 605 3570 753 3629; x_wconf 89' lang='lat' dir='ltr'>sparsurus</span> <span class='ocrx_word' id='word_1_226' title='bbox 767 3550 890 3611; x_wconf 74' lang='lat' dir='ltr'>fulmina</span> <span class='ocrx_word' id='word_1_227' title='bbox 903 3562 1012 3626; x_wconf 83' lang='lat' dir='ltr'>terras;</span> 
     </span>
     <span class='ocr_line' id='line_1_35' title="bbox 251 3635 1022 3721; baseline 0.003 -18"><span class='ocrx_word' id='word_1_228' title='bbox 251 3644 311 3703; x_wconf 86' lang='lat' dir='ltr'>Sed</span> <span class='ocrx_word' id='word_1_229' title='bbox 325 3635 428 3719; x_wconf 91' lang='lat' dir='ltr'>timuit,</span> <span class='ocrx_word' id='word_1_230' title='bbox 444 3664 482 3705; x_wconf 91' lang='lat' dir='ltr'>ne</span> <span class='ocrx_word' id='word_1_231' title='bbox 496 3646 571 3705; x_wconf 84' lang='lat' dir='ltr'>forte</span> <span class='ocrx_word' id='word_1_232' title='bbox 585 3662 666 3704; x_wconf 87' lang='lat' dir='ltr'>sacer</span> <span class='ocrx_word' id='word_1_233' title='bbox 680 3654 724 3704; x_wconf 90' lang='lat' dir='ltr'>tot</span> <span class='ocrx_word' id='word_1_234' title='bbox 738 3645 776 3704; x_wconf 87' lang='lat' dir='ltr'>ab</span> <span class='ocrx_word' id='word_1_235' title='bbox 790 3644 906 3721; x_wconf 88' lang='lat' dir='ltr'>ignibus</span> <span class='ocrx_word' id='word_1_236' title='bbox 920 3646 1022 3705; x_wconf 89' lang='lat' dir='ltr'>aether</span> 
     </span>
     <span class='ocr_line' id='line_1_36' title="bbox 253 3737 1219 3815; baseline 0.004 -17"><span class='ocrx_word' id='word_1_237' title='bbox 253 3737 431 3814; x_wconf 81' lang='lat' dir='ltr'>Conciperet</span> <span class='ocrx_word' id='word_1_238' title='bbox 445 3738 586 3812; x_wconf 83' lang='lat' dir='ltr'>flammas¹</span> <span class='ocrx_word' id='word_1_239' title='bbox 599 3738 765 3815; x_wconf 74' lang='lat' dir='ltr'>longusque</span> <span class='ocrx_word' id='word_1_240' title='bbox 780 3738 944 3797; x_wconf 86' lang='lat' dir='ltr'>ardesceret</span> <span class='ocrx_word' id='word_1_241' title='bbox 956 3738 1029 3802; x_wconf 83' lang='lat' dir='ltr'>axis.</span> <span class='ocrx_word' id='word_1_242' title='bbox 1182 3762 1219 3802; x_wconf 75' lang='lat'>2⁵⁵</span> 
     </span>
     <span class='ocr_line' id='line_1_37' title="bbox 253 3829 1070 3908; baseline 0.001 -19"><span class='ocrx_word' id='word_1_243' title='bbox 253 3832 327 3890; x_wconf 91' lang='lat' dir='ltr'>Esse</span> <span class='ocrx_word' id='word_1_244' title='bbox 341 3845 461 3907; x_wconf 88' lang='lat' dir='ltr'>quoque</span> <span class='ocrx_word' id='word_1_245' title='bbox 473 3830 504 3890; x_wconf 89' lang='lat' dir='ltr'>in</span> <span class='ocrx_word' id='word_1_246' title='bbox 517 3830 584 3891; x_wconf 83' lang='lat' dir='ltr'>fatis</span> <span class='ocrx_word' id='word_1_247' title='bbox 598 3829 798 3905; x_wconf 84' lang='lat' dir='ltr'>reminiscitur,</span> <span class='ocrx_word' id='word_1_248' title='bbox 814 3831 904 3891; x_wconf 85' lang='lat' dir='ltr'>affore</span> <span class='ocrx_word' id='word_1_249' title='bbox 917 3841 1042 3908; x_wconf 87' lang='lat' dir='ltr'>tempus,</span> <span class='ocrx_word' id='word_1_250' title='bbox 1068 3832 1070 3846; x_wconf 88' lang='grc'><em>“</em></span> 
     </span>
    </p>
   </div>
   <div class='ocr_carea' id='block_1_3' title="bbox 0 0 1514 4700">
    <p class='ocr_par' dir='ltr' id='par_1_3' title="bbox 0 0 1514 4700">
     <span class='ocr_line' id='line_1_38' title="bbox 0 0 1514 4700; baseline 0 3"><span class='ocrx_word' id='word_1_251' title='bbox 0 0 1514 4700; x_wconf 95' lang='lat' dir='ltr'> </span> 
     </span>
    </p>
   </div>
  </div>
 </body>
</html>
