3017 4700
294 417 350 474 168
604 432 630 474 Ρ.
651 431 784 475 vinoun
806 429 948 476 Minoris

291 579 366 638 Fata
378 577 457 637 viam
471 575 622 638 invenient
636 577 787 654 aderitque
802 586 923 637 vocatus
939 577 1058 654 Apollo.
1075 557 1093 692 l

291 673 358 731 Has
373 681 471 749 autem
486 681 584 748 terras,
601 673 630 756 lp
660 671 731 747 ique
742 669 930 766 haucylitoriss
941 689 1032 744 oram,

291 764 429 823 Proxima
442 783 518 841 quae
532 764 624 850 nostri
638 763 822 841 perfunditur
836 762 1079 854 aequorisflaestu,

292 858 401 936 Effuge¹
405 880 414 932 3
434 869 541 932 cuncta
554 859 639 941 malis
653 841 957 968 habitanturynoenia
963 855 1076 951 ‘Graia

291 949 353 1010 Hic
367 946 398 1010 et'
403 953 440 1030 1Ν
443 951 532 1028 arycii
546 961 709 1028 posuerunt
722 949 841 1013 moenia
855 949 952 1025 Locri,
967 1013 968 1020 χ

291 1044 330 1103 Et
345 1043 524 1104 Sallentinos
538 1043 656 1104 obsedit
669 1043 762 1103 milite
776 1057 899 1120 campos

290 1136 410 1214 Lyctius
425 1138 625 1211 Idomeneus3
644 1135 694 1195 hic
708 1132 857 1196 illa'ducis
872 1135 1017 1196 Meliboei

291 1232 387 1295 Parva
401 1230 583 1311 Philoctetae
598 1229 724 1290 subnixa
738 1229 851 1290 Petelia
865 1249 957 1297 muro.

290 1323 381 1398 Quin,
397 1325 449 1383 ubi
463 1295 658 1383 transmissae*
665 1319 799 1382 steterint
813 1320 893 1382 trans
908 1340 1038 1400 aequora
1050 1324 1160 1384 classes

291 1418 329 1476 Et
344 1416 448 1493 positis
462 1417 518 1476 aris
531 1418 592 1492 jam
606 1426 676 1475 vota
690 1415 720 1474 in
734 1415 822 1475 litore
836 1415 941 1490 solves,

291 1511 443 1587 Purpureo
457 1511 554 1569 velare
568 1527 670 1568 comas
684 1509 843 1586 adopertus
858 1508 975 1582 amictu,

290 1604 338 1663 Ne
353 1602 502 1680 quainter
516 1612 634 1662 sanctos
648 1601 731 1679 ignes
745 1601 776 1660 in
791 1601 904 1662 honore
919 1602 1043 1662 deorum

291 1696 419 1756 Hostilis
433 1696 524 1755 facies
537 1705 672 1761 occurrat
686 1705 716 1754 et
730 1694 831 1754 omina
846 1696 950 1754 turbet.
1023 1731 1028 1740 ·
1151 1687 1152 1690 '

290 1791 383 1848 Hunc
397 1788 470 1848 socii
484 1808 597 1848 morem
611 1807 769 1861 sacrorum,
786 1789 865 1847 hunc
879 1787 944 1864 ipse
958 1797 1060 1849 teneto
1072 1809 1082 1864 3

290 1885 359 1942 Hac
374 1882 447 1942 casti
462 1892 601 1941 maneant
615 1881 645 1940 in
659 1881 801 1958 religione
816 1891 949 1957 nepotes.

290 1978 348 2036 Ast
362 1975 413 2035 ubi
427 1975 588 2052 digressum
604 1974 719 2035 Siculae
734 1985 764 2034 te
779 1973 942 2034 admoverit
957 1993 1035 2050 orae,

287 2070 404 2128 Ventus
419 2079 448 2128 et
462 2068 578 2146 angusti
592 2077 741 2127 rarescent
753 2068 883 2127 claustra
897 2067 1004 2143 Pelori,

289 2164 389 2222 Laeva
404 2163 457 2223 tibi
471 2162 558 2222 tellus
571 2173 601 2222 et
615 2163 705 2238 longo
719 2162 804 2220 laeva
818 2172 957 2237 petantur

290 2258 431 2332 Aequora
444 2254 586 2329 circuitu;
607 2254 742 2315 dextrum
757 2256 825 2331 fuge
839 2254 908 2314 litus
922 2265 952 2314 et
966 2253 1069 2315 undas.

291 2350 377 2410 Haec
392 2350 459 2411 loca
471 2349 501 2410 vi
515 2349 667 2427 quondam
682 2360 713 2409 et
726 2359 811 2408 vasta
824 2348 967 2408 convulsa
981 2348 1113 2408 ruina-

289 2444 420 2503 Tantum
434 2443 499 2503 aevi
513 2442 676 2519 longinqua
688 2442 767 2501 valet
781 2451 894 2501 mutare
900 2441 1088 2531 ‘vetustas—-

290 2534 461 2595 Dissiluisse
476 2538 580 2609 ferunt,
596 2553 687 2611 quurn
702 2533 836 2611 protinus
850 2544 973 2610 utraque
987 2536 1075 2596 tellus

290 2630 362 2688 Una
376 2629 470 2703 foret3
486 2628 567 2689 venit
581 2627 682 2687 medio
695 2627 725 2685 vi
739 2636 848 2712 pontus
863 2635 893 2698 et
906 2628 994 2689 undis

291 2720 470 2797 Hesperium
485 2721 586 2781 Siculo
599 2721 676 2780 latus
690 2719 824 2793 abscidit,
841 2738 969 2797 arvaque
984 2732 1013 2782 et
1027 2724 1114 2783 urbes

290 2813 391 2873 Litore
405 2813 542 2873 diductas
556 2823 683 2891 angusto
696 2812 826 2873 interluit
841 2824 931 2874 aestu.

290 2908 434 2966 Dextrum
449 2908 547 2986 Scylla
560 2908 645 2980 latus,
661 2908 778 2966 laevum
793 2905 951 2985 implacata
966 2908 1131 2987 Charybdis
1239 2938 1263 2965 ω

290 2999 426 3075 Obsidet,
443 3010 532 3077 atque
547 3000 609 3061 imo
620 3000 750 3061 barathri
765 3010 809 3061 ter
822 3001 934 3079 gurgite
947 3013 1047 3062 vastos

290 3094 396 3153 Sorbet
409 3092 440 3151 in
455 3094 612 3171 abruptum
627 3094 741 3168 fluctus,
750 3109 914 3171 rursusque
928 3097 983 3156 sub
998 3114 1082 3157 auras

291 3185 383 3263 Erigit
397 3188 525 3247 alternos
540 3197 570 3247 et
583 3187 680 3247 sidera
694 3189 829 3248 verberat
842 3189 930 3249 unda

289 3282 331 3338 At
345 3280 472 3357 Scyllam
486 3280 583 3340 caecis
598 3280 718 3341 cohibet
733 3282 877 3359 spelunca
890 3282 1018 3357 latebris,

291 3372 352 3432 Ora
365 3383 561 3433 exsertantem
575 3384 605 3433 et
618 3394 710 3435 naves
723 3374 755 3433 iu
770 3394 840 3434 saxa
854 3374 1026 3436 trahentem.

290 3464 390 3524 Prima
403 3465 532 3527 hominis
546 3466 637 3527 facies
651 3481 681 3527 et
695 3468 820 3545 pulchro
833 3478 955 3547 pectore
968 3468 1050 3547 virgo

265 3586 282 3607 s
292 3558 375 3618 Pube
390 3568 484 3633 tenus,
499 3571 650 3637 postrema
663 3559 785 3619 immani
800 3578 923 3639 corpore
937 3561 1044 3638 pristis,

291 3650 475 3729 Delphinum
489 3653 599 3713 caudas
613 3661 698 3713 utero
712 3652 871 3714 commissa
885 3655 1029 3731 luporum.

292 3744 425 3804 Praestat
438 3744 582 3805 Trinacrii
596 3756 690 3805 metas
703 3747 826 3806 lustrare
841 3742 973 3823 Pachyni

293 3837 479 3914 Cessantem,
494 3839 600 3916 longos
614 3848 645 3899 et
658 3839 888 3901 circumflectere
902 3858 1011 3915 cursus,
