3017 4700
282 353 340 410 218
416 367 424 389 κ
594 368 619 410 r.
640 365 774 409 vrnurrrr
796 365 939 410 monas
1050 390 1057 396 -
1134 413 1137 424 ,

281 517 389 573 Factus
403 513 518 572 honos:
538 512 648 590 placidi
662 503 826 572 stravdrunt
840 529 970 590 aequora
983 511 1072 586 venti,

281 608 393 667 Creber
406 618 436 666 et
451 606 603 683 adspirans
617 625 715 665 rursus
729 617 817 666 vocat
832 609 942 666 Auster
954 606 985 665 in
1000 607 1101 666 altum.

282 699 418 760 Exoritur
432 719 575 776 procurva
587 699 692 776 ingens
705 719 760 776 per
772 700 858 760 litora
871 700 977 773 fletus;
1218 717 1254 766 7⁶⁵

282 792 439 869 Complexi
452 793 528 852 inter
541 812 573 852 se
586 803 766 869 noctemque
781 792 919 868 diemque
933 803 1090 852 morantur.

282 889 370 962 Ipsae
383 888 444 962 jam
458 897 573 959 matres,
589 884 654 962 ipsi,
670 885 777 961 quibus
792 904 895 962 aspera
910 887 1062 962 quondam

280 978 355 1039 Visa
368 979 455 1038 maris
469 979 558 1038 facies
573 989 603 1038 et
617 998 678 1038 non
692 979 845 1038 tolerabile
859 998 978 1053 nomen,

282 1075 329 1132 Ire
344 1073 455 1146 volunt,
471 1091 651 1148 omnemque
665 1072 750 1148 fugae
765 1072 892 1148 perferre
907 1073 1047 1132 laborem.

282 1167 367 1241 Quos
380 1167 478 1224 bonus
492 1167 611 1224 Aeneas
625 1164 712 1224 dictis
726 1164 837 1224 solatur
850 1164 961 1239 amieis,
1218 1197 1255 1233 770

281 1261 320 1318 Et
334 1258 557 1336 consanguineo
570 1258 726 1318 lacrimans
740 1259 931 1319 commendat
945 1261 1081 1318 Acestae.

280 1354 355 1411 Tres
370 1351 455 1429 Eryci
469 1351 577 1411 vitulos
592 1363 622 1410 et
635 1351 877 1428 Tempestatibus
890 1371 997 1428 agnam

282 1445 414 1505 Caedere
429 1444 538 1503 deinde
550 1444 793 1520 jubet,·solvique
809 1463 845 1504 ex
860 1444 963 1504 ordine
977 1445 1086 1503 funem.

282 1538 361 1614 Ipse,
376 1548 466 1613 eaput
479 1547 584 1596 tonsae
599 1537 676 1596 foliis
690 1537 823 1598 evinctus
838 1536 942 1610 olivae,

281 1632 368 1690 Stans
382 1631 486 1707 procul
500 1629 530 1688 in
545 1649 631 1706 prora
644 1641 777 1707 pateram
791 1641 881 1704 tenet,
894 1631 1021 1706 extaque
1036 1631 1129 1690 salsos
1219 1658 1254 1696 ⁷⁷⁵

282 1722 406 1783 Porticit
419 1723 450 1781 in
463 1723 570 1783 fluctus
586 1743 621 1782 ac
634 1722 704 1782 vina
716 1723 860 1800 liquentia
873 1723 976 1782 fundit

282 1815 474 1892 Prosequitur
487 1835 607 1893 surgens
621 1803 647 1876 a‘
653 1815 746 1894 puppi
759 1827 865 1876 ventus
881 1827 992 1876 euntes.

282 1909 425 1969 Certatim
439 1909 511 1968 socii
526 1909 634 1969 feriunt
647 1929 727 1969 mare
742 1920 773 1970 et
787 1929 917 1985 aequora
926 1920 1052 1968 verrunt.
1080 1947 1082 1952 -

321 2005 363 2061 At
376 2004 479 2062 Venus
493 2002 605 2062 interea
618 2005 792 2079 Neptunum
808 2002 936 2090 exercita
950 2001 1026 2061 curis

282 2095 458 2172 Alloquitur,
474 2097 607 2172 talesque
622 2095 746 2156 effundit
760 2071 879 2172 peetoie
894 2106 1034 2171 questus:
1219 2111 1256 2162 7³0

264 2188 409 2271 ‘Junonis
422 2188 518 2266 gravis
533 2189 576 2248 ira
587 2209 644 2248 nec
659 2188 854 2248 exsaturabile
868 2198 972 2264 pectus

282 2282 403 2360 Cogunt
416 2301 473 2356 me,
489 2284 639 2359 Neptune,
654 2300 758 2359 preoes
772 2281 951 2363 descendere
966 2280 998 2340 in
1011 2299 1136 2355 omnes3

282 2378 382 2452 Quam
396 2396 452 2435 nec
464 2377 554 2451 longa
567 2375 640 2449 dies,
654 2376 749 2452 pietas
763 2388 820 2434 nec
833 2374 947 2451 mitigat
961 2376 1029 2448 ulla,
1070 2402 1095 2490 s

1057 2464 1065 2495 i

1151 2386 1244 2534 lt

283 2472 348 2530 Nec
363 2469 446 2547 Jovis
460 2468 584 2546 imperio
597 2467 723 2543 fatisque
739 2468 864 2557 infracta
878 2467 1010 2543 quiescit
1049 2480 1136 2533 optet
1150 2476 1194 2529 ol<

283 2566 354 2623 Non
369 2562 467 2622 media
479 2562 518 2621 de
531 2572 620 2639 gente
635 2562 783 2637 Phrygum
797 2560 932 2619 exedisse
946 2561 1082 2621 nefandis
1219 2578 1256 2627 78⁵

282 2657 398 2715 Urbem
412 2654 488 2714 odiis
502 2654 572 2714 satis
586 2664 639 2727 est,
655 2672 711 2713 nec
724 2672 854 2729 poenam
868 2663 950 2713 traxe
964 2672 1171 2729 peromnem:
1218 2716 1221 2727 Ι
1279 2688 1289 2726 s

1201 2732 1253 2783 'sp
1270 2739 1278 2770 l
1293 2781 1297 2789 .
1312 2740 1378 2775 rste.

282 2746 437 2823 Reliquias
452 2749 569 2823 Trojae,
585 2746 697 2805 cineres
712 2756 802 2822 atque
814 2765 884 2805 ossa
896 2756 1068 2823 peremptae
1089 2739 1120 2812 st
1149 2706 1181 2799 l

282 2840 459 2917 Insequitur.
504 2842 632 2899 Caussas
646 2838 721 2899 tanti
736 2838 810 2899 sciat
823 2838 874 2897 illa
888 2838 999 2897 furoris.

283 2937 354 3011 Ipse
369 2932 441 2991 mihi
455 2952 550 3009 nuper
563 2931 683 3009 Libycis
697 2941 729 2990 tu
743 2931 826 2991 testis
840 2931 871 2990 in
886 2931 973 2991 undis
1093 2920 1096 2927 ¹
1258 2992 1261 3002 ,

283 3028 382 3103 Quam
396 3028 506 3085 molem
520 3027 618 3086 subito
632 3024 771 3085 excierit:
792 3024 883 3085 maria
897 3024 997 3085 omnia
1011 3026 1098 3087 ooelo
1219 3054 1257 3092 φφ

282 3118 414 3191 Miscuit,
431 3117 544 3178 Aeoliis
559 3117 761 3195 nequidquam
775 3119 848 3179 freta
861 3118 1008 3195 procellis,

284 3216 321 3271 In
335 3211 432 3289 regnis
445 3212 505 3271 hoc
518 3230 589 3271 ausa
602 3211 668 3271 tuis.

239 3360 243 3366 .
283 3307 341 3365 Per
354 3305 450 3364 scelus
465 3324 535 3364 ecce
549 3303 637 3364 etiam
652 3303 790 3381 Trojanis
804 3304 947 3365 matribus
961 3302 1034 3364 actis

283 3397 403 3458 Exussit
417 3398 504 3457 foede
518 3416 642 3475 puppes,
657 3408 688 3458 et
701 3398 795 3457 classe
810 3397 927 3475 subegit
1004 3427 1016 3449 ν.
1050 3434 1054 3467 ‚t
1151 3407 1156 3419 ’
1262 3412 1267 3419 ·
1293 3394 1296 3403 ’

283 3490 404 3550 Amissa
418 3490 514 3551 socios
528 3491 646 3568 ignotae
660 3491 794 3567 linquere
808 3501 911 3551 terrae.

282 3585 374 3659 Quod
389 3592 531 3661 superest,
547 3603 609 3658 oro,
624 3583 713 3643 liceat
726 3584 797 3644 dare
812 3593 875 3643 tuta
889 3603 941 3660 per
954 3582 1052 3645 undas
1094 3578 1113 3621 ¹·
1141 3604 1172 3627 ¹»

281 3679 359 3737 Vela
372 3677 434 3752 tibi,
450 3677 538 3737 liceat
546 3680 728 3736 ‘laurentem
744 3676 887 3753 attingere
901 3676 1054 3761 Thybrim,

284 3771 316 3831 Si
330 3790 473 3831 concessa
486 3782 567 3848 peto,
582 3770 692 3830 sidant
706 3790 743 3830 ea
755 3769 874 3829 moenia
889 3754 1005 3830 Paica'ez'
