3017 4700
531 400 737 444 METAMORPH.
762 400 819 444 LIB.
842 401 883 443 Xl.

225 549 352 607 Munera
365 545 537 626 contigerat,
554 546 689 607 Cerealia
702 547 782 606 dona
795 547 931 625 rigebant
942 568 951 620 3

226 641 294 700 Sive
309 641 403 716 dapes
417 640 504 700 avido
519 640 685 700 convellere
699 640 789 700 dente
802 641 934 716 parabat,
970 647 975 661 '

224 732 347 792 Lamina
362 733 441 792 fulva
455 733 548 810 dapes
562 733 683 794 admoto
698 733 788 792 dente
801 734 977 810 premebat.

224 825 385 896 Miscuerat
399 826 481 904 puris
495 835 644 886 auctorem
658 825 788 886 muneris
801 826 909 900 undis3

224 917 323 978 Fusile
337 937 391 995 per
404 918 494 978 rictus
509 938 610 978 aurum
624 919 738 978 fluitare
752 919 893 978 videres„

152 1067 156 1074 .
223 1011 375 1070 Attonitus
390 1011 520 1071 novitate
534 1011 612 1085 mali,
628 1011 771 1086 divesque
785 1010 931 1086 miserque

150 1127 152 1131 ·
224 1103 359 1182 Effugere
374 1114 457 1181 optat
470 1123 543 1180 opes
557 1112 595 1176 et,
612 1121 687 1180 quae
702 1104 793 1164 modo
806 1112 936 1176 voverat,
951 1101 1023 1162 odit.

224 1197 320 1274 Copia
333 1197 415 1256 nulla
429 1199 536 1256 samem
551 1198 681 1271 relevat3
701 1197 766 1258 sitis
780 1196 863 1256 arida
874 1206 975 1274 guttur

224 1291 301 1364 Urit,
318 1301 348 1350 et
362 1290 458 1349 inviso
471 1290 592 1352 meritus
607 1299 760 1366 torquetur
773 1290 812 1349 ab
826 1308 905 1348 auro.

224 1385 274 1444 Ad
288 1384 463 1460 coelumque
478 1402 583 1442 manus
597 1392 626 1442 et
641 1381 800 1459 splendida
812 1381 933 1442 brachia
947 1381 1064 1453 tollens,

224 1480 272 1537 Da
285 1477 412 1550 veniam,
428 1477 546 1536 Lenaee
560 1479 661 1552 pater!
704 1474 914 1548 Peccavimus;
935 1473 1038 1549 inquit,

216 1572 282 1648 ¹Sed
296 1570 442 1642 miserere,
458 1587 570 1646 precor,
587 1569 783 1645 speciosoque
798 1569 877 1645 eripe
891 1568 1019 1627 damno!

225 1664 300 1724 Mite
315 1664 404 1722 deum
418 1680 536 1734 numen,
553 1661 688 1721 Bacchus
701 1680 844 1738 peccasse
857 1661 1000 1720 fatentem
1081 1720 1083 1725 ,

225 1755 374 1828 Restituit,
391 1755 526 1832 factaque
541 1755 599 1814 fide
614 1755 685 1816 data
697 1773 820 1814 munera
833 1754 930 1814 solvit.

225 1853 310 1909 Neve
324 1849 401 1908 male
416 1858 518 1924 optato
532 1867 653 1908 maneas
668 1847 849 1908 circumlitus
863 1865 943 1919 auro,
965 1888 969 1895 1

136 1957 138 1962 ·
224 1944 318 2015 Vade,
334 1941 383 2014 ait,
399 1941 438 2000 ad
451 1941 566 2018 magnis
581 1939 710 2000 vicinum
726 1941 869 2000 Sardibus
883 1958 1009 2011 amnem,

226 2038 340 2112 Perque
352 2035 455 2112 jugum
470 2034 551 2110 ripae
566 2033 734 2094 labentibus
748 2033 854 2092 obvius
867 2033 956 2092 undis

226 2127 322 2202 Carpe
337 2124 422 2198 viam,
438 2125 536 2184 donec
549 2124 652 2184 venias
667 2123 706 2184 ad
720 2123 849 2182 fluminis
863 2133 962 2195 ortus3

226 2217 458 2297 spumigeroque
472 2227 554 2278 tuum
568 2217 651 2290 fonti,
667 2236 726 2292 qua
739 2216 882 2294 plurimus
896 2215 965 2287 exit,

225 2312 324 2372 Subde
338 2320 434 2388 caput,
450 2329 616 2387 corpusque
631 2309 727 2384 simul,
743 2308 829 2369 simul
844 2309 910 2369 elue
924 2309 1045 2369 crimen.

225 2408 293 2465 Rex
310 2405 410 2484 jussae
425 2404 558 2465 succedit
572 2423 673 2481 aquae.
716 2404 773 2464 Vis
786 2422 875 2463 aurea
889 2402 975 2463 tinxit

226 2499 350 2557 Flumen
365 2508 395 2556 et
409 2498 538 2556 humano
552 2497 592 2556 de
605 2516 729 2575 corpore
744 2498 833 2559 cessit
846 2498 876 2557 in
893 2517 1018 2558 amnem.

226 2592 315 2660 Nunc
329 2609 448 2666 quoque
466 2591 527 2669 jam
542 2591 650 2650 veteris
664 2602 806 2668 percepto
820 2592 933 2651 semine
947 2607 1040 2650 venae

226 2686 306 2742 Arva
319 2684 423 2761 rigent,
439 2703 510 2743 auro
521 2684 649 2745 madidis
662 2685 805 2761 pallentia
816 2684 921 2762 glebis.
946 2718 950 2722 -

266 2777 331 2849 Ille,
347 2795 471 2853 perosus
486 2796 567 2853 opes,
583 2777 672 2835 silvas
687 2786 717 2835 et
731 2796 799 2835 rura
812 2776 929 2835 colebat

227 2872 368 2945 Panaque
382 2868 530 2929 montanis
544 2869 728 2929 habitantem
743 2888 859 2945 semper
872 2869 903 2927 in
917 2868 1016 2928 antris.

227 2962 341 3037 Pingue
356 2962 410 3020 sed
425 2960 576 3039 ingenium
589 2961 698 3021 mansit
710 2984 719 3036 ;
739 2962 940 3037 nocituraque,
956 2971 988 3019 ut
1001 2969 1079 3033 ante,

228 3056 342 3114 Rursus
357 3063 440 3113 erant
454 3053 576 3114 domino
591 3055 717 3116 stolidae
730 3054 906 3132 praecordia
918 3054 1035 3113 mentis.

227 3148 307 3205 Nam
320 3147 394 3205 freta
408 3146 601 3223 prospiciens,
618 3150 676 3209 late
690 3147 766 3227 riget
779 3148 890 3207 arduus
903 3148 963 3205 alto

227 3240 351 3315 Tmolus
365 3238 395 3298 in
411 3241 567 3317 adscensu,
583 3242 720 3319 clivoque
734 3251 872 3303 extentus
882 3250 1017 3316 utroque,

229 3331 370 3392 Sardibus
384 3334 463 3408 hinc,
479 3335 559 3395 illinc
573 3335 669 3411 parvis
683 3332 783 3393 finitur
797 3334 961 3410 Hypaepis.

228 3427 292 3483 Pan
306 3426 347 3485 ibi
361 3426 432 3485 dum
446 3428 555 3487 teneris
573 3427 665 3504 jactat
679 3445 732 3486 sua
746 3426 877 3485 carmina
891 3424 1045 3504 Nymphis,

229 3519 268 3577 Et
281 3519 346 3577 leve
361 3530 460 3578 cerata
474 3520 641 3578 modulatur
655 3520 800 3579 arundine
814 3536 941 3591 carmen,

228 3613 327 3670 Ausus
342 3612 522 3689 Apollineos,
533 3631 604 3689 prae
619 3630 650 3671 se
664 3622 855 3673 contemnere
868 3622 980 3684 cantus,

227 3705 333 3780 Judice
348 3706 403 3765 sub
418 3706 526 3764 Tmolo
541 3715 689 3764 certamen
703 3706 785 3765 venit
798 3706 838 3765 ad
851 3705 954 3781 impar.

229 3800 336 3857 Monte
350 3817 404 3857 suo
419 3798 517 3857 senior
528 3798 621 3873 judex
634 3798 777 3871 consedit,
793 3808 823 3859 et
836 3814 923 3857 aures
