3017 4700
540 425 702 471 BUCOLICA.
746 427 811 470 ECL.
835 427 879 469 111.

633 583 787 622 onuomas.

227 656 277 712 An
291 651 364 710 mihi
378 650 528 711 cantando
543 648 637 709 victus
650 669 712 708 non
727 649 863 709 redderet
876 648 934 721 ille,

227 747 325 820 Quem
340 764 407 804 mea
420 743 598 803 carminibus
613 741 766 802 memisset
780 743 878 801 fistula
891 742 1032 817 capmm?

227 838 257 898 Si
272 838 377 911 nescis,
393 857 476 896 meus
490 836 539 894 ille
554 854 643 912 caper
656 835 729 909 suit;
750 834 865 894 etmihi
879 836 1000 894 Damon

228 934 299 1008 Ipse
314 931 476 990 fatebatur:
498 929 551 988 sed
565 929 687 989 reddere
701 947 792 1005 posse
806 928 942 1006 negabat

638 1052 791 1089 MENALCAS.

229 1120 387 1181 Cantando
402 1130 434 1178 tu
448 1119 550 1178 illurn?
571 1129 621 1178 aut
636 1137 777 1196 umquam
792 1117 844 1176 tibi
859 1117 957 1175 fistula
967 1132 1038 1174 cera
1106 1171 1108 1176 ,
1177 1142 1201 1178 25

227 1216 336 1289 Juncta
350 1211 423 1272 luit?
444 1231 504 1270 non
520 1212 595 1272 tuin
612 1211 709 1285 triviis,
725 1210 855 1282 indocte,
871 1210 988 1268 solebas

228 1305 367 1366 Stridenti
381 1305 520 1365 miserum
535 1304 642 1382 stipula
656 1303 825 1381 disperdere
839 1303 979 1362 carmen?

580 1406 585 1415 ‘
635 1427 790 1464 Damouras.

227 1497 281 1555 Vis
295 1515 373 1573 ergo,
389 1497 541 1569 internos,
559 1495 630 1572 quid
645 1496 739 1574 possit
754 1507 886 1572 uterque,
902 1489 1032 1552 vicissim

228 1589 440 1666 Experiamur?
462 1608 518 1667 ego
533 1590 610 1649 hanc
625 1590 843 1663 vitulam—ne
859 1589 932 1647 forte
946 1602 1073 1657 recuses

228 1682 278 1741 Bis
293 1682 374 1742 venit
388 1683 426 1742 ad
441 1683 604 1756 mulctram,
620 1683 707 1743 binos
722 1683 774 1742 alit
788 1684 879 1742 ubere
893 1681 969 1738 setus
978 1712 1018 1721 —

228 1777 376 1852 Depono:
397 1786 429 1835 tu
444 1775 500 1849 dic,
517 1795 634 1836 mecum
650 1796 714 1856 quo¹
724 1771 848 1853 pignore
862 1781 964 1833 certes.

636 1898 788 1936 MENALCAS.

228 1968 275 2026 De
290 1985 376 2043 grege
391 1966 560 2048 1ronausim
575 1966 733 2043 quicquam
749 1968 899 2042 deponere
913 1973 1032 2023 tecum:

228 2059 282 2117 Est
295 2058 368 2117 mihi
382 2077 510 2134 namque
525 2059 605 2118 domi
620 2069 711 2136 pater,
728 2069 773 2118 est
786 2059 896 2134 injusta
910 2074 1038 2115 noverca
1046 2076 1056 2128 3

228 2151 337 2228 Bisque
351 2151 400 2211 die
412 2161 568 2211 numerant
582 2153 670 2211 ambo
685 2171 785 2229 pecuS,
802 2152 875 2210 alter
889 2160 918 2209 et
932 2149 1053 2207 haedos

227 2246 348 2318 Verum,
364 2243 393 2303 id
411 2245 492 2321 quod
507 2246 600 2304 multo
616 2255 678 2304 tute
693 2243 756 2322 ipse
771 2245 902 2303 fatebere
916 2243 1020 2318 majus,

225 2337 365 2397 insanire
379 2337 452 2398 libet
466 2337 607 2414 quoniam
622 2337 684 2413 tibi,
701 2339 810 2416 pocula
823 2355 935 2415 ponam

228 2432 348 2509 Fagina,
364 2432 509 2491 caelatum
525 2430 616 2490 divini
633 2451 709 2508 opus
725 2429 962 2492 Alcimedontis:

228 2526 324 2584 Lenta
338 2524 444 2601 quibus
459 2535 545 2584 torno
560 2524 638 2608 sacili
651 2516 845 2601 'superaddita
857 2523 925 2583 vitis

229 2618 361 2677 Diffusos
376 2618 485 2677 hedera
498 2618 586 2677 vestit
599 2619 730 2694 pallente
746 2618 911 2696 corymbos.

229 2713 266 2770 In
281 2702 381 2771 medio
395 2712 455 2771 duo
470 2710 561 2787 signa,
577 2713 694 2784 Conon,
712 2708 864 2786 et—quis
878 2708 932 2768 fuit
946 2708 1027 2780 alter,

123 2842 126 2850 ·
229 2803 393 2880 Descripsit
406 2803 489 2864 radio
504 2815 599 2863 totum
615 2802 818 2908 quigentibps
832 2803 944 2875 orbem,

228 2898 378 2973 Tempora
392 2916 468 2975 quae
482 2916 602 2971 messor,
619 2916 695 2973 quae
710 2906 817 2956 curvus
832 2906 928 2954 arator
942 2894 1084 2952 haberet?

229 2990 368 3050 Necdum
382 2989 439 3049 illis
454 2991 536 3050 labra
550 2990 677 3063 admovi,
694 2991 747 3050 sed
762 2988 884 3049 condita
898 3006 990 3047 servo.

634 3113 789 3157 DAMOETAS.

230 3189 268 3245 Et
282 3186 368 3279 nohis
377 3185 461 3271 ,idem
476 3185 655 3258 Alcimedon
670 3181 944 3269 duo,pocula‚fecit‚

230 3281 268 3337 Et
282 3279 363 3337 molli
378 3278 547 3338 circumest
562 3296 648 3337 ansas
663 3278 816 3353 amplexus
831 3276 967 3349 acantho,

229 3372 409 3449 Orpheaque
424 3370 454 3430 in
469 3370 568 3430 medio
583 3369 682 3447 posuit
696 3370 844 3445 silvasque
859 3377 1023 3445 sequentes.

230 3464 368 3523 Necdum
383 3462 439 3523 illis
454 3465 536 3523 labra
550 3462 677 3536 admovi,
694 3462 747 3521 sed
762 3461 885 3522 condita
897 3480 991 3521 servo.

180 3630 182 3637 Ι
228 3557 258 3617 Si
273 3558 312 3616 ad
325 3556 448 3617 vitulam
463 3567 587 3633 spectas,
603 3555 677 3615 nihil
691 3565 743 3629 est,
761 3554 842 3631 quod
856 3555 965 3631 pocula
979 3552 1091 3613 laudes

638 3676 791 3713 MENALCAS.

184 3764 188 3774 ·
230 3746 390 3819 Nunquam
405 3742 495 3803 hodie
510 3740 650 3819 effugies,
669 3741 796 3813 veniam,
813 3736 1138 3817 quocumque-vocaris.

227 3836 338 3896 Audiat
352 3836 427 3895 haec
441 3836 660 3899 tantum—vel
675 3833 725 3910 qui
741 3832 831 3907 venit,
847 3851 926 3906 ecce,
943 3833 1113 3893 Palaemon.
1180 3856 1205 3895 ⁵0
