3017 4700
563 421 722 466 mannos
742 421 802 466 tna.
825 424 852 465 V.

225 571 301 630 Inde
316 570 402 647 Gyan
414 566 571 650 ipsamque
583 566 696 645 ingenti
709 569 790 628 mole
798 563 993 630 ,Chimaeram

224 661 425 739 Consequitur
433 682 443 736 3
463 660 551 734 cedit,
567 659 708 737 quoniam
721 661 850 738 spoliata
863 662 1002 739 magistro
1016 672 1067 724 est

223 756 310 816 Solus
321 757 442 831 jamque
456 753 523 830 ipso
536 764 669 830 superest
683 753 714 812 iu
728 755 788 814 fine
803 756 969 816 Cloanthus
981 779 990 830 ;
1160 785 1197 822 223

223 850 322 924 Quem
337 848 419 925 petit,
435 857 466 907 et
478 845 601 906 summis
614 845 740 908 adnixus
752 846 863 908 viribus
877 860 990 925 urguet

223 945 302 1001 Tum
316 960 387 1001 vero
400 940 564 1017 ingeminat
576 941 697 1013 clamor,
712 939 872 1018 cunctique
887 953 1060 1019 sequentem

225 1034 371 1112 Instigant
386 1028 501 1106 studiis,
511 1026 694 1109 'resonatque
708 1032 871 1110 fragoribus
885 1035 994 1094 aether.

223 1127 268 1187 Hi
281 1127 433 1205 proprium
448 1127 541 1186 decus
554 1136 585 1186 et
598 1137 714 1202 partum
728 1125 918 1204 indignantur
931 1127 1076 1189 honorem

223 1219 264 1280 Ni
281 1230 410 1294 teneant,
424 1219 577 1295 vitamque
589 1219 694 1280 volunt
706 1237 763 1295 pro
776 1220 865 1280 laude
879 1219 989 1297 pacisci
1000 1241 1009 1295 3

224 1315 293 1374 Hos
308 1331 463 1373 successus
477 1311 548 1373 alit:
568 1321 701 1388 possunt,
716 1311 787 1388 quia
800 1331 889 1389 posse
903 1314 1047 1374 videntur.

224 1407 263 1465 Et
278 1407 338 1465 sors
352 1404 485 1481 aequatis
499 1403 647 1481 cepissent
660 1404 792 1482 praemia
804 1405 914 1480 rostris,

141 1514 143 1518 ’
223 1497 264 1557 Ni
279 1499 394 1576 palmas
407 1508 502 1575 ponto
516 1497 644 1558 tendens
656 1508 797 1575 utrasque
811 1499 977 1560 Cloanthus

223 1591 421 1668 Fudissetque
435 1609 546 1668 preces,
562 1590 706 1667 divosque
720 1589 751 1650 in
766 1601 836 1651 vota
849 1603 1002 1653 vocasset:

223 1685 273 1759 Di,
286 1684 394 1762 quibus
409 1683 563 1761 imperium
577 1683 675 1761 pelagi
689 1694 743 1758 est,
755 1703 882 1762 quorum
896 1701 1026 1764 aequora
1040 1703 1133 1760 curro,
1159 1713 1196 1752 as

221 1777 318 1838 Vobis
332 1779 426 1838 laetus
441 1795 497 1854 ego
510 1777 569 1836 hoc
583 1777 761 1838 candentem
776 1777 807 1837 in
821 1777 906 1840 litore
920 1789 1035 1840 taurum

224 1869 411 1932 Constituam
425 1881 494 1930 ante
508 1888 583 1943 aras,
596 1869 659 1954 voti
672 1889 750 1944 reus,
765 1880 893 1948 extaque
907 1874 1002 1933 salsos

224 1963 383 2024 Porriciam
398 1962 429 2022 in
443 1963 550 2022 fluctus
560 1973 594 2022 'et
608 1962 678 2022 vina
690 1961 834 2040 liquentia
848 1955 979 2025 fundam.

225 2056 318 2130 Dixit,
333 2075 461 2132 eumque
476 2055 543 2126 imis
556 2057 612 2116 sub
626 2055 766 2116 fluctibus
779 2056 872 2118 audiit
886 2058 998 2118 omnis·

225 2149 389 2211 Nereidum
403 2149 570 2225 Phorcique
583 2149 692 2210 chorus
706 2151 907 2227 Panopeaque
920 2150 1011 2229 virgo,

225 2245 264 2303 Et
277 2254 361 2320 pater
373 2241 436 2318 ipse
451 2261 541 2302 manu
555 2261 663 2320 magna
677 2244 827 2304 Portunus
841 2255 962 2304 euntem

225 2335 366 2415 Impulit;
386 2335 437 2395 illa
451 2337 533 2397 Noto
547 2335 635 2397 citius
648 2337 820 2415 volucrique
835 2337 942 2416 sagitta

224 2432 274 2491 Ad
288 2440 396 2491 terram
408 2428 491 2506 sugit,
506 2438 537 2489 et
550 2439 639 2507 portu
653 2449 686 2490 se
700 2430 836 2492 condidit
850 2433 919 2493 alto.

223 2526 301 2583 Tum
315 2534 395 2583 satus
410 2521 550 2596 Anchisa,
565 2521 681 2583 cunctis
694 2542 732 2583 ex
744 2542 828 2585 more
842 2524 963 2599 vocatis,

221 2617 373 2677 Victorem
388 2634 496 2692 magna
508 2615 665 2691 praeconis
679 2634 753 2677 voce
769 2618 951 2679 Cloanthum

223 2711 370 2782 Dederat,
386 2707 529 2785 viridique
543 2709 662 2770 advelat
674 2720 810 2788 tempora
823 2712 926 2785 lauro;
986 2752 989 2758 -

222 2806 410 2879 Muneraque
424 2801 455 2861 in
469 2820 560 2862 naves
573 2812 675 2863 ternos
689 2815 794 2881 optare
808 2806 953 2881 juvencos

221 2896 360 2972 Vinaque
374 2905 405 2954 et
418 2894 530 2971 argenti
544 2913 685 2972 magnum
698 2897 751 2957 dat
765 2897 839 2957 ferre
854 2897 1005 2957 talentum

223 2988 303 3065 Ipsis
316 2987 493 3066 praecipuos
507 2988 680 3051 ductoribus
694 2988 779 3051 addit
792 2990 942 3050 honores:

222 3081 336 3142 Victori
350 3081 536 3160 chlamydem
549 3092 692 3157 auratam,
707 3102 798 3161 quam
812 3083 940 3161 plurima
952 3082 1063 3144 circum
1160 3113 1172 3139 2
1185 3114 1197 3139 0

224 3178 357 3253 Purpura
371 3176 537 3236 Maeandro
551 3176 664 3253 duplici
679 3177 833 3237 Meliboea
846 3176 982 3251 cucurrit,

223 3270 416 3345 Intextusque
430 3288 504 3345 puer
516 3270 659 3329 frondosa
672 3270 768 3346 regius
785 3270 841 3329 Ida

222 3362 351 3421 Veloces
363 3362 464 3437 jaculo
476 3380 581 3421 cervos
593 3380 740 3438 cursuque
754 3362 865 3439 fatigat,

221 3457 308 3528 Acer,
324 3454 474 3513 anhelanti
488 3453 600 3527 similis,
615 3472 705 3530 quem
718 3472 844 3531 praepes
858 3456 896 3515 ab
911 3455 969 3515 Ida

222 3546 384 3607 Sublimem
399 3546 526 3623 pedibus
540 3545 637 3622 rapuit
649 3545 733 3622 Joris
748 3545 875 3623 armiger
886 3548 989 3619 uncis;

222 3638 375 3717 Longaevi
389 3640 505 3716 palmas
519 3638 721 3714 nequidquam
736 3639 775 3699 ad
790 3637 886 3701 sidera
899 3641 1026 3701 tendunt

223 3733 380 3805 Custodes,
396 3730 547 3806 saevitque
561 3749 670 3789 canum
683 3731 804 3793 latratus
819 3731 849 3791 in
864 3752 957 3793 auras

223 3824 330 3902 Atqui
344 3823 453 3884 deinde
469 3823 568 3881 locum
582 3822 676 3883 tenuit
689 3823 796 3885 virtute
810 3826 984 3899 secundum,
1001 3862 1003 3867 ·
